1870 2990
186 185 265 234 VAL.
277 182 415 234 Mnxlmr
431 183 480 233 Lm
494 183 568 232 vm„
585 182 679 235 Csn‘t.
715 187 764 232 318

89 323 209 364 murum
219 321 341 377 ctgmtum
348 315 440 363 aurilurs
451 331 531 364 sonum
541 315 652 378 perduxit.
675 313 765 364 lateris

90 382 165 428 etiam
180 379 285 428 linuitate
298 379 405 434 defectus,
421 396 476 441 quas
490 381 589 442 corporis
603 381 691 426 habitus
704 379 765 426 vires

91 452 226 508 negaverat,
238 445 336 491 alabore
345 449 460 492 mutuatus
471 452 513 492 est.
542 445 632 492 Multos
642 445 703 492 enim
713 459 764 490 ver-

92 507 764 636 :attamllltttttlttitttt‘lz
806 569 810 582 ·

514 605 520 628 5

92 638 186 686 vadosis
196 638 297 684 litoribus
306 637 419 691 insistens,
425 638 596 686 declamationes
602 637 710 685 fluctuum
717 637 764 684 fra-

92 703 189 766 gon'bus
198 701 362 749 obluctantibus
372 703 457 756 edebat,
469 711 502 756 ut,
514 703 542 750 ad
551 701 654 750 fremitus
665 704 764 750 concita-

90 775 169 814 tarum
177 767 318 820 concionum,
330 766 437 828 patientiis
447 766 530 814 duratis
540 769 630 814 auribus
639 768 662 813 in
671 767 764 814 actioni-

89 833 136 879 bus
152 838 260 878 uteretur.
290 830 373 878 Fertur
382 847 478 892 quoque,
491 828 552 896 [ore]
564 832 653 878 insertis
663 833 773 886 calculis*

91 897 193 944 multum
209 910 237 942 ac
253 895 291 942 diu
306 896 368 956 loqui
382 897 468 950 solitus,
486 911 532 956 quo
545 911 640 943 vacuum
654 897 764 957 promtius

91 967 156 1008 asset
166 966 191 1006 et
201 959 303 1007 solutius.
329 959 450 1007 Proeliatus
464 967 499 1006 est
511 975 563 1007 cum
574 975 648 1007 rerum
659 959 763 1018 Naturi3

92 1032 120 1073 et
129 1025 221 1086 quidem
231 1025 304 1070 victor
318 1025 378 1078 abiit,
394 1025 556 1086 malignitatem
568 1025 618 1086 ejus
634 1025 764 1086 pertinacis-

91 1091 153 1138 simo
170 1088 239 1136 animi
256 1091 335 1136 robore
351 1090 482 1152 superando.
506 1087 587 1149 Itaque
602 1090 697 1136 alterurn
713 1089 765 1136 De·

91 1154 237 1202 mostheuem
248 1161 326 1207 mater,
338 1155 432 1201 alterum
442 1153 557 1208 industria,
568 1153 634 1200 enixa
645 1160 686 1200 est.

98 1255 100 1262 ,
129 1215 180 1282 (2.)
197 1217 282 1278 Atque,
302 1225 328 1265 ut
347 1218 375 1264 ad
392 1219 537 1265 vetustiorem
555 1217 671 1264 industriae
685 1225 764 1265 ¹actum

92 1283 255 1344 transgrediar,
278 1282 427 1345 Pythagoras,
448 1282 635 1345 perfectissimum
654 1298 710 1344 opus
729 1299 767 1330 sa·

92 1347 189 1412 pientiae
200 1346 315 1410 ejurenti
327 1349 410 1409 pariter
418 1355 444 1395 et
454 1348 527 1394 omnis
537 1346 660 1394 honestatis
671 1349 766 1409 percipi·

93 1411 163 1461 eudae
173 1412 315 1474 cupiditatem
325 1413 447 1474 ingressus,
459 1413 525 1476 (nihil
533 1413 600 1467 enim,
610 1412 670 1472 quod
677 1413 705 1458 ad
714 1413 766 1459 ulti-

92 1492 161 1526 mum
179 1477 213 1522 sui
227 1475 295 1523 linem
309 1483 468 1540 perventurum
483 1485 525 1530 est,
543 1493 589 1524 non
604 1487 627 1524 et
640 1485 727 1524 mature
742 1486 766 1524 et

93 1540 205 1590 celeriter.
215 1539 302 1603 incipit)
314 1541 443 1604 AEgyptum
457 1542 534 1604 petiit:
553 1543 590 1590 ubi
606 1542 676 1588 literis
690 1544 766 1604 gentis

94 1609 146 1670 ejus
159 1605 304 1660 assuefactus,
320 1607 428 1668 praeteriti
443 1608 486 1654 aevi
500 1607 639 1654 sacerdotum
650 1623 765 1656 commen-

94 1671 167 1719 tarios
177 1677 296 1724 scrutatus,
313 1671 506 1718 innumerabilium
517 1673 650 1719 saeculorum
661 1674 767 1720 observa-

94 1737 172 1784 dones
182 1735 297 1797 cognovit.
317 1733 375 1782 Inde
382 1736 410 1782 ad
421 1735 502 1782 Persas
514 1735 634 1796 profectus,
647 1751 765 1799 magorum

94 1799 248 1850 erectissimae
256 1798 381 1862 prudentiae
392 1815 417 1847 se
426 1799 568 1846 formandum
576 1800 681 1857 tridium
693 1803 767 1862 aqui-

94 1867 140 1914 bus
154 1864 252 1912 siderum
265 1871 342 1912 motus
356 1879 478 1925 cursusque
493 1864 614 1917 stellarum,
626 1871 650 1910 et
660 1865 767 1912 uniuscu-

89 1932 179 1995 jusque
194 1929 249 1982 v'm,
266 1928 433 1991 proprietatem,
445 1934 474 1975 et
489 1927 593 1974 effectum
608 1929 767 1990 benignissime

95 1996 283 2048 danomtratum,
299 1993 366 2042 docili
381 1995 457 2041 animo
472 1993 553 2039 hausit.
579 1990 673 2040 Cretam
688 1993 768 2044 dende

95 2067 122 2108 et
134 2057 299 2106 Lacedaemona
308 2059 438 2122 navigavit3
455 2071 549 2120 quarum
564 2057 651 2118 legibus
661 2073 688 2104 ac
698 2061 768 2106 mon'.

95 2127 141 2172 bus
161 2122 274 2185 inspectis,
296 2125 326 2170 ad
344 2123 489 2186 Olympicum
505 2129 621 2169 certamen
643 2121 765 2171 descendit.

98 2187 207 2248 Cumque
222 2188 469 2251 mutiplieisseientiae,
479 2185 579 2234 maximi
587 2186 658 2233 totius
669 2187 769 2236 Graeoiae

97 2251 252 2306 admiratione,
276 2253 388 2314 specimen
404 2253 549 2308 exhibuisset,
567 2267 615 2313 quo
634 2253 770 2313 cognomine

98 2323 236 2371 manetur,
254 2316 413 2380 interrogatus,
432 2333 478 2365 non
496 2333 521 2364 se
537 2325 611 2373 Σιφοι,
632 2317 694 2379 (Jam
708 2319 768 2364 enim

97 2383 155 2432 illud
166 2389 251 2444 septem
262 2383 397 2430 excellentes
406 2383 449 2450 viri
463 2379 637 2446 occupaverant)
654 2382 693 2428 sed
707 2389 769 2427 Φιλι-

99 2455 169 2508 'opos
186 2461 237 2494 esse
253 2448 374 2508 respondit.
400 2446 428 2492 In
444 2446 517 2494 Italiae
531 2445 599 2493 etiam
612 2454 706 2508 partem,
718 2461 770 2507 quae

99 2520 157 2560 tunc
174 2511 251 2574 Major
271 2512 362 2559 Graecia
380 2512 536 2573 appellabatur,
553 2512 665 2572 porrexit;
686 2512 709 2558 in
727 2511 772 2573 qud

98 2575 204 2640 pbm'mis
222 2583 246 2623 et
265 2575 439 2638 opulentissimis
457 2577 546 2627 urbibus
565 2572 658 2622 effectus
679 2591 771 2624 suorum

99 2640 227 2689 sturborum
238 2641 374 2703 approbavit
394 2639 467 2704 CuJus
476 2640 592 2687 ardentem
607 2656 688 2704 rogum
699 2643 771 2704 plenis

100 2705 252 2765 mentionis
271 2705 350 2754 oculis·
361 2705 510 2769 Metapontus
527 2705 642 2768 adspexit5
667 2708 772 2770 oppidum
