1842 2992
194 165 273 215 vul„
284 165 425 216 ΜΔΧῙΜΙ
441 165 530 214 Inal-
549 165 610 218 cura
623 173 647 216 4·
710 169 757 219 'ts

87 295 184 409 crpdrlili
194 296 262 354 iacto,
277 295 382 346 effectum
397 311 445 346 suae
458 295 604 361 professionis
616 297 687 346 oculis
697 298 758 362 regis
792 310 795 316 ·

87 377 114 410 su
129 363 187 409 'ecit
733 378 735 386 ¹

120 379 169 491 (³2.)
189 425 226 474 Tr.
242 427 366 482 Gracchus,
384 442 436 474 curn
452 427 480 474 ad
496 443 532 475 res
547 443 618 477 novas
634 436 756 490 pararetur,

85 492 184 553 auspicia
200 492 261 538 domi
277 489 349 554 primi
364 492 416 538 luce
430 492 509 554 petiit3
533 507 584 554 quse
602 493 634 540 illi
649 507 757 555 perquam

85 557 159 603 tristia
169 557 339 618 responderunt
362 555 424 602 Nam
432 555 503 620 januis
513 563 624 620 egressus,
636 559 667 604 ite
676 559 757 620 peden

84 619 185 674 offendit,
198 628 224 668 ut
234 621 318 684 digitus
329 621 349 668 ei
360 621 514 680 decuteretur3
531 629 577 670 tres
592 622 671 670 deinde
686 622 756 676 corvi,

84 685 110 732 in
121 699 173 732 eum
181 685 299 733 adversum
308 686 442 740 ceninenses,
454 688 632 750 pmtemtegulae
641 688 757 734 decussam

83 758 138 802 ante
149 750 222 812 ipsum
235 751 400 812 propulerunt·
409 751 497 806 Qurhns
511 753 614 798 omnibus
628 752 756 806 contemtis,

85 815 217 876 aScipione
231 812 316 862 Nasici
331 815 436 878 pontifice
450 815 549 863 maximo
566 817 672 864 decussus
688 815 758 880 Capi·

85 879 149 934 tolio,
161 879 289 941 fingmento
300 881 397 927 subsellii
407 881 466 927 ictus
476 881 601 942 procubuit.

118 941 169 1008 (S.)
182 943 210 990 P.
222 943 330 992 Claudius
336 945 395 992 helio
404 944 491 992 Punico
499 947 580 1007 primo,
592 961 643 993 cum
651 945 756 1008 proelium

84 1009 165 1056 navale
176 1009 317 1055 committere
326 1010 401 1063 vellet,
414 1011 556 1071 auspiciaque
570 1026 633 1056 more
646 1013 757 1072 majorum

84 1073 194 1136 petiisset,
215 1081 239 1120 et
255 1073 362 1135 pullarius
379 1089 426 1120 non
443 1074 505 1120 exire
523 1073 592 1120 cavei
609 1075 682 1135 pullos
698 1089 758 1120 nun-

83 1136 171 1192 tiisset,
184 1139 247 1200 abjici
257 1153 297 1184 eos
304 1138 328 1184 in
339 1153 401 1185 mare
407 1137 483 1200 jussit,
499 1137 588 1184 dicens:
610 1145 626 1166 “
634 1137 696 1192 Quia
707 1153 758 1184 esse

85 1203 175 1256 nolunt,
186 1201 289 1250 hibant'’
314 1201 348 1250 Et
359 1201 389 1248 L.
403 1200 494 1255 Junius,
513 1201 542 1248 P.
557 1201 646 1250 Claudii
661 1203 755 1264 collega,

84 1267 197 1329 neglectis
207 1267 317 1329 auspiciis,
330 1267 424 1314 classem
435 1273 568 1329 tempestate
582 1267 663 1314 amisit.
691 1266 758 1322 Quo-

85 1347 138 1410 pum
149 1331 186 1378 ille
197 1333 273 1395 populi
284 1332 369 1412 Judiciq
383 1331 495 1390 concidit3
513 1333 706 1408 damnationisque
720 1331 757 1379 hic

84 1397 645 1529 rgqossrngmunpopqqpepps’mqroqtpfrquqqm
664 1461 756 1510 Tuscu·

82 1528 162 1576 lanum
172 1531 266 1589 peteret,
278 1526 340 1572 corvi
351 1525 396 1572 duo
406 1525 430 1572 in
445 1541 471 1572 os
486 1527 534 1590 ejus
549 1527 674 1582 adversum,
686 1526 757 1575 veluti

19 1640 26 1653 ,
82 1593 128 1640 iter
143 1591 298 1654 impedientes,
318 1590 478 1638 advolaverunt
484 1607 493 1650 ς
514 1591 597 1654 vixque
613 1593 756 1647 extuderunt,

83 1663 111 1704 ut
121 1657 215 1704 domum
225 1655 314 1702 rediret
339 1653 470 1716 Insequenti
482 1663 549 1703 nocte
559 1657 619 1704 aedes
630 1655 710 1704 Vestae
720 1671 758 1704 ar-

83 1723 128 1769 sit:
148 1736 194 1782 quo
204 1720 314 1774 incendio,
327 1718 435 1768 Metellus
445 1720 503 1768 inter
513 1721 574 1784 ipsos
587 1722 653 1784 ignes
667 1729 757 1785 raptum

40 1837 47 1847 ,
84 1785 213 1834 Palladium
223 1785 336 1832 incolume
346 1785 451 1832 servavit.

118 1847 169 1914 (5.)
181 1848 218 1896 Μ.
229 1847 333 1898 Ciceroni
343 1865 405 1896 mors
415 1849 534 1897 imminens
542 1849 640 1912 suspicio
649 1851 757 1912 praedicis

82 1923 135 1963 est:
162 1929 215 1960 cum
234 1914 294 1962 enim
312 1914 336 1960 in
352 1911 406 1962 villi
423 1911 532 1962 Caietani
547 1921 614 1968 esset,
634 1929 715 1960 corvus
732 1914 757 1960 iu

84 1985 210 2041 conspectu
219 1979 268 2041 ejus
278 1979 388 2041 horologii
396 1977 480 2026 fenum
490 1979 541 2025 loco
549 1984 636 2024 motum
645 1977 756 2034 excussitr

83 2051 110 2091 et
123 2043 227 2106 protinus
242 2042 271 2090 ad
286 2044 359 2104 ipsum
376 2043 477 2097 tetendit,
494 2057 521 2090 ac
535 2043 637 2090 laciniam
653 2049 715 2103 togae
729 2055 757 2088 eo

83 2123 159 2170 usque
169 2122 246 2155 morsu
256 2107 334 2162 tenuit,
347 2107 418 2156 donec
427 2123 506 2156 servus
514 2107 542 2156 ad
550 2105 696 2156 occidendum
704 2117 757 2153 eum
777 2137 779 2144 ·

83 2173 170 2220 milites
179 2172 269 2220 vennae
279 2173 399 2220 nuntiaret.

118 2236 170 2302 (6.)
185 2237 222 2284 Μ.
236 2236 322 2284 Brutus
333 2253 385 2284 cum
396 2237 499 2298 reliquias
510 2235 621 2285 exercitiis
632 2235 666 2283 sui
678 2235 758 2284 adver-

83 2317 124 2350 sus
136 2300 252 2352 emman
264 2309 287 2349 et
297 2301 425 2350 Antonium
435 2301 557 2356 eduxisset,
574 2303 625 2350 dure
636 2303 716 2364 aquilae
727 2315 757 2348 ex

82 2367 179 2416 nvos·
187 2367 266 2416 castris
273 2365 434 2415 advolaverunt
441 2383 449 2425 ς
463 2373 494 2421 et,
506 2365 566 2414 editi
572 2368 631 2416 inter
639 2363 755 2430 sepugni,

83 2447 118 2488 ea,
130 2447 183 2496 quae
191 2447 208 2478 a
217 2429 281 2494 psrte'
290 2429 358 2480 Bruti
368 2431 448 2487 iuerat,
460 2431 519 2480 male
529 2433 626 2480 mulcata
635 2431 703 2496 fugit.

361 2535 477 2585 Estemu.

117 2624 167 2691 (l.)
186 2624 247 2677 Cum
262 2639 302 2674 rex
316 2625 446 2676 Alexander
460 2627 537 2675 urbem
550 2626 574 2674 in
585 2625 691 2689 AEgypto
702 2639 757 2672 con-

81 2692 177 2742 stituere
194 2692 271 2748 vellet,
294 2692 427 2742 architectus
446 2691 583 2742 Dinocrates
602 2705 654 2740 cum
673 2697 757 2742 erm

544 2769 561 2802 n
