1820 2982
144 201 145 204 =
192 175 239 220 tot
294 165 372 219 vni..
383 163 520 218 Mnxlstt
537 161 650 216 narn.
669 163 764 216 CM.

189 306 256 354 reret,
274 295 339 346 “Tu
349 295 429 351 rero,”
445 296 525 358 inquit,
545 295 624 343 “nihil
634 301 669 344 est
681 293 741 356 quod
750 297 852 354 respectu

192 365 237 412 mei
251 362 349 410 timidius
363 361 438 423 gladio
453 363 535 408 utaris:
554 361 591 408 vel
605 375 645 422 per
660 367 779 420 utrumque
791 357 854 404 illum

190 443 245 492 agas
256 427 314 478 licet,
327 425 379 472 dum
391 427 427 472 hie
437 441 503 486 quam
514 425 629 472 celerrime
638 421 739 486 pereat-’¹

224 488 274 555 (8.)
287 489 341 536 Hoo
351 490 395 536 loci
404 489 516 536 Leonidas
525 489 647 552 Spartanus
656 489 734 535 nobilis
740 485 850 540 occurritt
895 541 898 550 1

191 558 255 618 eujus
262 554 384 616 proposito,
394 569 467 615 opere,
477 554 546 608 exitu,
556 553 610 600 nihil
617 553 704 600 lortius.
723 551 792 604 Nam,
802 564 853 596 cum

191 619 298 668 treeentis
312 618 398 664 civibus
412 619 471 680 apud
480 617 644 679 Thermopylas
654 618 696 664 toti
708 617 771 663 Asiae
781 615 853 676 obien-

191 693 237 738 tus,
259 697 352 744 gravem
370 683 440 736 illurn,
458 689 481 728 et
501 683 556 730 mari
572 691 595 729 et
609 689 675 728 terre
693 680 794 732 Xerxen,
812 693 852 724 neo

189 747 316 796 hominibus
334 754 421 794 tantum
439 747 564 801 terribilem,
584 746 623 793 aed
640 745 748 808 Neptuno
764 757 851 804 qnoque

192 811 317 874 compedes,
334 818 358 858 et
373 811 432 857 ooelo
450 811 551 858 tenebras
568 811 715 864 minitantem,
762 804 852 854 rtinsoisl

190 877 280 924 virtutis
288 875 316 921 sd
324 875 424 922 ultimam
433 875 607 935 desperationem
616 875 714 936 redegit·
751 879 850 926 aeterurn,

190 937 282 1004 perfldid
296 946 319 986 et
333 939 416 998 scelere
430 939 553 984 incolarum
568 940 615 1000 ejus
631 939 735 1000 regionis,
765 936 799 1014 et]
810 936 852 982 loei

190 1004 364 1068 opportunitate,
381 1001 425 1063 qud
438 1003 557 1063 plurimum
572 1001 723 1064 adjuvabatur,
739 1001 851 1063 apolastun

191 1069 293 1118 occidere
303 1067 417 1120 dimicans,
429 1081 496 1126 quam
507 1065 642 1126 assignatam
653 1066 694 1113 sibi
704 1081 719 1112 a
728 1064 800 1127 patria
810 1072 853 1111 ata-

191 1133 399 1185 tionemdesersre,
415 1130 500 1178 maluit.
526 1128 625 1190 Ideoque
639 1137 685 1182 tm
700 1131 767 1176 alacri
780 1131 853 1175 animo

192 1215 246 1248 sum
261 1198 290 1244 sd
303 1197 327 1244 id
342 1196 454 1257 proelium,
471 1209 516 1255 quo
530 1193 622 1256 perituri
637 1202 708 1247 erant,
726 1187 853 1240 cohortatus
898 1229 899 1236 ,

191 1273 234 1318 est,
251 1269 277 1309 ut
288 1261 385 1308 diceet:
405 1266 420 1290 ‘¹
433 1259 470 1306 Sic
480 1259 594 1320 prandete,
610 1257 781 1312 commilitones,
800 1264 855 1304 tam-

192 1342 258 1390 quam
267 1325 325 1387 apud
335 1323 417 1370 inferos
428 1321 564 1370 coenaturi.‘’
582 1322 648 1370 Mors
656 1330 703 1370 erat
711 1323 852 1381 denuntiata:
898 1347 899 1376 j

192 1388 365 1441 Laoedaennonii,
374 1387 465 1448 perinde
473 1401 499 1433 ao
506 1387 600 1435 victoris
607 1395 667 1436 esset
674 1387 789 1450 promisse,
801 1388 855 1434 duo·
898 1383 899 1461 l

191 1456 235 1503 tori
246 1451 354 1514 intrepide
364 1457 492 1512 paruerunt.

224 1515 274 1581 (4.)
292 1515 415 1575 Othryadae
436 1530 525 1576 quoque
542 1513 620 1580 pugni
638 1516 720 1578 puriter
737 1531 764 1563 ae
783 1522 854 1564 morte

192 1576 300 1645 speciosi,
317 1577 464 1639 'llyreatium
476 1580 549 1634 laude,
566 1595 633 1641 quam
644 1581 723 1642 spatio,
740 1581 807 1628 latius
818 1597 854 1628 so-

190 1647 238 1694 lum
253 1642 366 1700 oernitnr;
382 1643 428 1703 qui,
446 1644 556 1706 sanguine
570 1660 611 1692 suo
626 1645 713 1709 scriptis
727 1645 804 1699 literis,
822 1647 854 1692 di-

191 1717 277 1772 reptem
287 1707 388 1754 hostibus
397 1709 522 1763 victoriam,
534 1717 621 1756 tuntum
636 1725 682 1756 nou
695 1709 803 1772 postlata
814 1724 852 1758 sus

190 1776 214 1822 in
226 1775 299 1822 sinum
309 1773 387 1836 patriae
397 1780 490 1820 cruento
501 1775 581 1836 tropaei
591 1775 657 1826 titulo
667 1775 749 1822 retulit·

225 1836 274 1904 (5.)
291 1837 500 1885 Excellentissimos
509 1837 625 1899 Spartane
635 1839 723 1886 virtutis
733 1845 854 1900 proventus

189 1903 320 1953 miserabilis
338 1902 413 1964 lapsus
431 1902 538 1962 sequitur.
565 1902 739 1964 Epaminondas,
757 1904 853 1950 maxims
897 1929 898 1934 =

99 2003 104 2017 ,
190 1970 319 2019 'linebarum
339 1966 440 2021 felicitas,
467 1967 569 2028 idemque
590 1965 760 2015 Lacedaemonis
785 1969 854 2030 prima
897 1957 898 1966 ¹

189 2035 271 2088 clades,
283 2046 335 2079 oum
345 2038 457 2078 vetustam
467 2032 516 2092 ejus
524 2031 584 2079 urbis
590 2032 692 2093 gloriam,
704 2031 854 2094 invictamque

190 2099 257 2147 adid
273 2105 360 2158 ternpus
376 2096 487 2157 publicans
503 2095 617 2150 dautem,
636 2097 695 2160 spud
710 2096 811 2144 leuare
831 2103 853 2144 et

191 2163 334 2212 Mantineam
352 2159 455 2208 mundis
473 2160 558 2222 proeliis
576 2157 728 2219 contudisset;
751 2164 855 2224 mentm

189 2226 261 2282 hasti,
279 2224 388 2288 sunguine
403 2231 427 2271 et
441 2225 519 2286 spiritu
534 2223 646 2279 deficiens,
664 2239 764 2274 recreare
777 2242 802 2272 se
816 2241 854 2274 oo·

188 2299 277 2344 nantes,
285 2291 389 2351 primum,
400 2303 430 2336 an
440 2290 533 2350 clypeus
540 2303 595 2336 suus
605 2290 680 2337 salmis
688 2297 754 2343 esset,
767 2289 853 2342 deinde,

188 2371 218 2402 nn
228 2355 317 2415 penitus
324 2352 368 2398 lusi
376 2353 452 2400 hostes
458 2353 540 2408 forent,
550 2354 703 2418 interrogavit.
723 2353 785 2408 Quas
792 2361 855 2438 post·

188 2432 256 2479 quam
266 2430 296 2464 ex
306 2416 373 2463 enimi
384 2415 495 2465 mtanut
505 2419 620 2481 comperit,
639 2417 720 2466 “Non
731 2418 790 2474 finis,
802 2417 809 2438 '
820 2420 855 2466 in-

188 2482 244 2542 quit,
258 2486 274 2510 ‘⁴
282 2480 452 2534 commilitones
464 2483 519 2530 site
526 2497 591 2537 meae,
603 2483 855 2532 ssdmeliusetauotiu

189 2545 286 2596 initium,
303 2543 399 2590 advenit.
435 2545 505 2593 Nune
522 2548 582 2594 enim
597 2555 672 2596 vester
687 2547 855 2611 Epsminondss

190 2607 294 2659 nascitur,
307 2606 358 2668 quis
369 2607 401 2654 sic
411 2609 512 2658 moritur.
539 2611 629 2662 Thebes
639 2613 709 2662 ductu
718 2621 743 2661 et
751 2614 856 2677 auspiciis

184 2673 246 2720 meis
257 2677 323 2735 caput
332 2671 431 2722 Grssoiae
442 2673 512 2730 laetas
521 2675 601 2726 uideo:
616 2683 640 2727 et
650 2677 716 2728 tortis
725 2684 749 2728 st
757 2679 857 2727 misnen
