1842 2992
198 183 231 232 'ld
302 173 382 231 Μ.
394 177 535 230 ΜΑΧΙΜΙ
550 177 650 229 ΜιῙΙ.
669 177 730 231 car.
741 177 766 230 7.

198 311 357 375 rempublicam
372 311 522 359 deseruerant.
549 309 619 366 Nun,
636 323 688 358 mm
703 325 743 358 eoa
757 310 868 374 gravitate

198 377 282 424 decreti
296 377 355 424 ultra
369 383 510 422 mortuorum
521 376 672 424 conditionem
682 375 814 437 relegisset,
832 389 868 421 ac·

174 453 177 456 '
196 443 269 504 oeptir
284 456 298 488 a
313 441 350 488 M.
363 441 475 488 Marcello
486 441 564 494 literis,
580 448 607 487 ut
621 455 699 486 eorunm
710 441 751 488 eibi
762 437 832 502 operi
841 438 867 485 nd

196 507 389 568 expugnationem
408 507 570 568 Syracusarum
588 506 621 551 uti
640 505 724 561 liceret,
747 505 866 566 reecripcit,

197 571 304 633 indignor
317 586 375 626 erre,
392 571 464 632 quiin
479 579 553 618 centra
565 571 723 632 reciperentur.
751 569 866 620 Ceterum

197 651 224 682 oe
238 637 259 682 ei
273 635 408 698 permittere,
420 643 446 684 ut
455 636 545 691 laceret,
557 635 617 697 quod
627 635 731 698 expedire
741 634 868 696 reipublice

194 699 325 764 judicasset,
343 700 397 747 dum
413 701 493 763 nequir
509 715 538 748 ex
555 701 587 748 eie
604 715 698 748 munere
713 707 813 754 vacaret,
831 704 868 745 aad

198 765 259 812 done
270 766 356 812 militiae
365 765 492 821 donamur,
509 772 549 814 aut
562 767 586 812 in
597 764 693 820 Italiam,
705 766 777 812 donec
792 765 867 812 horter

197 830 222 876 in
239 827 266 877 ei
281 837 364 886 errent,
381 831 503 878 accederet.
530 831 568 878 Sic
582 845 677 878 enervea
691 831 778 878 animoa
796 829 867 877 odire

197 895 271 942 virtue
282 895 346 943 solet.
376 895 438 958 Age,
450 911 516 957 quam
527 896 626 958 graviter
636 901 727 942 aeratus
737 895 797 948 odit,
810 892 867 955 quod

199 959 234 1014 Q.
248 959 355 1007 Petilium
371 962 494 1015 consulem,
509 960 631 1024 sortiarime
646 960 754 1006 adversus
770 957 868 1021 Ligure·

196 1032 344 1088 pugnantem,
362 1026 464 1074 occidere
481 1026 563 1072 militm
580 1025 640 1087 paeri
656 1023 745 1072 essent!
770 1021 866 1086 Legioni

197 1091 258 1136 enim
275 1105 348 1152 neque
365 1091 499 1153 stipendium
517 1091 569 1137 anni
587 1089 713 1151 procedere,
732 1101 866 1150 requerere

195 1155 245 1202 dari
256 1157 342 1214 voluit3
358 1157 417 1217 quia,
428 1171 470 1218 pro
481 1155 553 1202 selme
565 1155 712 1216 imperatoris,
724 1155 825 1200 hortium
835 1161 867 1199 te·

196 1219 225 1266 lie
236 1235 261 1268 re
271 1235 317 1267 non
329 1221 461 1268 obtulerent.
481 1220 553 1281 quue
563 1219 678 1266 decretum
689 1219 821 1280 amplissimi
832 1233 866 1264 or-

195 1285 263 1339 dinis,
276 1285 401 1346 speciosum
412 1293 436 1332 et
446 1292 556 1332 ueternum
568 1283 643 1332 Petilii
653 1285 819 1331 monimentum
830 1297 866 1330 ex·

196 1349 263 1402 stitit,
280 1350 321 1395 cub
335 1365 386 1410 quo,
402 1349 426 1394 in
437 1350 484 1396 acie
494 1356 575 1402 morte,
590 1350 614 1394 in
630 1347 692 1396 curii
706 1349 800 1404 ultione,
816 1347 865 1396 etad

195 1412 866 1540 lind&illittitllldtldltl
899 1453 900 1475 ¹

638 1510 644 1534 Ι

197 1541 240 1587 tria
254 1542 355 1595 habebat,
368 1542 549 1600 redimendorum
559 1549 694 1603 potestatem
703 1542 803 1598 sociaret,
815 1557 866 1590 eon·

196 1605 306 1652 ditionem
324 1607 421 1666 apreuit;
438 1621 532 1659 memor,
550 1612 635 1651 tantam
651 1607 820 1655 multitudinem
833 1623 866 1654 ar·
898 1649 899 1654 ,

195 1677 309 1718 matorum
312 1671 431 1730 juvenum,
442 1668 461 1716 oi
469 1669 563 1716 honeste
570 1669 629 1716 mori
634 1670 765 1724 voluissent,
774 1673 866 1734 turpiter

195 1735 246 1796 capi
261 1747 307 1778 non
318 1731 425 1794 potuisse.
456 1732 561 1787 Quorum
571 1734 648 1781 nereio
659 1741 735 1781 utrum
746 1738 820 1799 majus
830 1738 865 1784 de·

195 1799 265 1846 decue
275 1797 350 1852 fuerit,
362 1797 424 1858 quod
437 1799 508 1861 petria
523 1798 577 1862 spei,
587 1813 619 1846 an
630 1799 691 1860 quod
701 1801 773 1848 hostie
785 1801 862 1856 mella,
897 1795 898 1841 l

196 1864 253 1911 nihil
263 1864 287 1909 in
298 1863 333 1910 hir
343 1863 467 1926 reposuerit
473 1880 481 1921 ;
498 1865 555 1918 hoec,
571 1879 613 1925 pro
624 1879 656 1918 ce,
673 1863 711 1912 ille
721 1877 752 1913 ne
762 1866 864 1915 adverus

196 1945 223 1978 aa
240 1929 378 1982 dimicarent,
393 1929 457 1990 parvi
472 1927 598 1990 pendendo.
625 1928 671 1974 Sed
685 1943 737 1976 cum
752 1931 864 1992 aliquotier

196 2003 289 2042 renatus
299 2009 341 2057 pro
351 1991 441 2040 militari
451 1989 566 2054 diaciplini
583 2006 661 2040 revere
677 1994 815 2051 excubuerit,
830 2011 865 2043 ne·

195 2060 337 2107 aduentum
343 2059 462 2121 praecipue,
470 2071 522 2104 cum
530 2055 656 2118 militesqui
662 2057 778 2120 Rhegimn
786 2061 864 2124 injusto

196 2125 256 2172 bello
264 2129 434 2188 occupaverant,
443 2129 579 2182 mortuoque
587 2122 643 2170 duce
650 2122 667 2171 J
668 2123 756 2178 ubellio,
765 2123 804 2172 Μ.
815 2125 863 2174 Car·
895 2129 896 2184 i

197 2190 265 2245 aium,
283 2189 376 2237 scribam
391 2187 447 2249 ejus,
464 2183 505 2234 aui
520 2193 600 2250 sponte
610 2187 767 2250 imperatorem
778 2189 863 2252 delege-
895 2187 896 2209 ¹

196 2263 255 2309 rant,
273 2269 362 2302 carcere
371 2251 474 2300 inclusit:
493 2267 520 2300 ac
531 2251 568 2300 Μ.
582 2250 665 2300 Fulvio
676 2251 767 2308 Flacco,
779 2255 862 2302 tutuno
894 2309 895 2316 ἵ

196 2319 274 2382 plebia,
292 2318 444 2372 denuntiante,
462 2333 492 2365 ne
506 2318 529 2363 in
544 2317 606 2364 cives
618 2317 737 2365 Romanor
757 2318 861 2368 adversus
894 2317 895 2360 l

197 2397 285 2430 morem
299 2383 409 2443 majorum
419 2377 613 2438 animadverteret,
630 2381 774 2430 nihilominus
786 2401 861 2449 propo·
894 2369 895 2391 ¹

198 2448 267 2494 eitum
281 2453 401 2493 meoutur
415 2455 457 2495 eat.
480 2446 603 2502 Caeterum,
616 2463 662 2509 quo
672 2449 759 2496 minore
769 2465 822 2497 cum
832 2453 862 2497 in·
893 2485 894 2494 ,

198 2506 259 2557 vidii
272 2509 296 2556 id
305 2519 455 2573 perageretur,
468 2513 638 2575 quinquagenos
647 2529 688 2576 per
699 2513 802 2576 cingulos
812 2517 861 2568 dier,
893 2495 894 2575 i

104 2587 108 2608 ¹
199 2575 271 2636 virgin
281 2589 360 2629 eteros,
373 2578 444 2624 securi
454 2579 540 2641 percuti
546 2579 630 2641 jueait3
641 2591 763 2640 eorumque
773 2593 861 2646 corpora

198 2637 322 2702 sepulture
332 2640 438 2698 mandari,
450 2650 592 2705 mortemque
600 2642 681 2708 lugeri,
692 2642 772 2693 veturii.
