1842 2992
166 185 244 238 VAL.
253 185 392 238 Maxim
407 185 508 238 nnn.
527 185 622 239 Car-Y.
696 191 728 242 76
753 227 755 232 ,

56 317 151 381 generis
162 323 187 364 et
196 317 269 380 culpse
279 317 382 366 bonrines
389 319 512 381 elephantis
521 317 668 382 proterendos
679 317 731 365 sub·

57 383 156 441 stravit3
174 383 291 429 utilissimo
310 384 398 444 quidem
417 384 527 445 exemplo,
548 385 567 430 si
586 391 662 430 tamen
680 390 731 430 acta

58 447 301 500 excellentissimorum
315 449 415 494 virorum
429 448 543 494 humiliter
557 450 668 496 estimare
682 448 731 494 sine

59 513 192 561 insolentiae
202 513 372 573 reprehensione
379 513 522 575 permittitur.
540 513 629 576 Aspero
640 514 700 560 enim
709 519 733 560 et

59 577 150 627 msdso
172 577 324 638 castigationis
342 593 426 638 genere
443 577 545 624 militaris
563 578 677 640 disciplina
695 577 732 622 in·

59 643 731 770 2¹2.thtlttlt‘tfldilttttttttitillant?
782 695 790 714 *

94 768 165 848 (15.)
183 770 228 817 Sed
242 778 330 832 tempus
345 779 387 825 est,
403 787 480 818 eorum
495 787 584 832 quoque
594 772 731 818 mentionem

59 834 117 889 fien,
135 850 188 895 quae
193 837 242 898 jam
253 851 299 881 non
309 851 324 882 a
334 836 433 900 singulis,
449 851 528 884 verum
539 838 566 883 ab
577 837 680 884 universo
696 852 732 882 se·

62 907 126 953 natu,
144 915 187 961 pro
205 901 294 946 militari
312 916 376 948 more
393 901 521 955 obtinendo,
542 900 731 960 defendendoque,

61 965 220 1012 administrata
237 973 297 1011 sunt.
327 964 356 1011 L.
375 967 484 1018 Marcius,
507 965 609 1012 tribunus
627 965 731 1018 militum,

62 1045 116 1078 cum
132 1030 237 1090 reliquias
252 1029 346 1076 duorum
357 1032 495 1078 exercituum
507 1029 535 1076 P.
549 1037 572 1076 et
583 1027 628 1077 Cn.
646 1027 733 1090 Scipio-

61 1109 127 1149 num,
146 1109 203 1156 quos
221 1109 282 1140 anna
300 1094 386 1142 Punica
403 1097 427 1142 in
444 1092 556 1156 Hispanii
571 1094 731 1145 absumerent,

62 1161 177 1221 dispersas
187 1157 243 1206 mirri
253 1159 335 1208 vinute
345 1160 480 1221 collegisset,
492 1173 612 1219 earumque
623 1154 734 1218 suffragiis

63 1225 112 1272 dux
122 1231 184 1270 esset
191 1231 285 1279 creatus,
295 1225 381 1271 senatui
389 1225 418 1271 de
425 1224 491 1270 rebus
501 1223 557 1270 actis
567 1237 581 1269 a
592 1237 616 1268 se
627 1221 731 1275 scribens,

63 1289 88 1336 in
105 1290 168 1334 bunc
182 1289 273 1334 modum
289 1305 353 1336 orsus
368 1297 415 1336 est:
436 1295 453 1320 ⁴‘
464 1287 494 1335 L.
507 1287 616 1341 Marcius,
649 1299 734 1347 roprse·

62 1352 128 1402 tor.''
158 1350 230 1415 Cujus
246 1354 337 1400 honoris
353 1353 496 1416 usurpatione
512 1353 544 1400 uti
561 1367 611 1400 eum
629 1301 733 1399 isti-ibus

61 1418 198 1480 conscriptis
209 1433 255 1464 non
265 1419 363 1480 placuit3
379 1419 431 1480 quia
445 1419 512 1465 duces
527 1433 541 1464 a
555 1417 644 1480 populo,
663 1429 734 1463 nona

63 1483 179 1536 militibus,
189 1483 257 1529 creari
268 1483 373 1530 solerent.
393 1483 448 1538 Quo
458 1491 557 1544 tempore
568 1491 614 1529 tam
626 1488 731 1544 angusto,

64 1555 157 1608 tamque
171 1547 243 1608 gravi,
258 1555 349 1608 propter
363 1549 460 1594 immane
476 1547 602 1610 reipublicae
617 1547 733 1600 damnum,

63 1613 132 1660 edam
144 1613 245 1657 tribunus
258 1611 354 1656 militum
370 1611 491 1657 adulandus
502 1620 556 1665 erat,
569 1612 673 1673 quoniam
684 1609 735 1672 qul·

62 1678 115 1724 dem
129 1675 158 1722 ad
169 1681 252 1720 statum
263 1673 332 1719 totius
342 1672 438 1720 civitatis
449 1675 606 1736 corrigendum
617 1691 675 1722 unus
687 1672 735 1721 suf-

61 1741 154 1789 lecerat.
186 1737 231 1785 sed
239 1738 300 1800 nulla
308 1737 388 1791 clades,
400 1737 486 1784 nullum
496 1738 609 1792 meritum,
621 1739 734 1786 valentius

61 1805 155 1854 militari
166 1800 280 1865 disciplini
292 1801 341 1849 fuit.
371 1801 519 1863 Succurrebat
529 1803 588 1848 enim
602 1801 653 1855 illis,
666 1815 734 1863 quam

61 1865 166 1919 mimost
176 1868 294 1915 severitate
304 1867 429 1914 Tarentino
438 1867 497 1913 bello
507 1867 604 1928 majores
612 1881 689 1912 eorum
698 1865 734 1912 usi

61 1935 173 1984 sument:
192 1933 217 1978 in
231 1948 277 1993 quo
292 1933 401 1993 quassatis
416 1937 440 1978 et
452 1931 533 1977 attritis
544 1929 670 1990 reipublicae
679 1928 734 1975 viri·

62 2001 113 2053 bus,
131 2012 184 2045 cum
200 2012 307 2060 magnum
325 1997 464 2059 captivorum
481 1995 564 2042 civium
581 2007 673 2040 suorum
689 2007 733 2038 nu·

62 2077 152 2114 merum
167 2077 182 2109 a
197 2061 285 2123 Pyrrho
296 2077 351 2124 rege
364 2062 424 2108 ultro
434 2061 528 2108 missum
539 2058 682 2120 recepissent,
694 2057 734 2104 de·

61 2134 191 2182 neumam,
209 2134 235 2173 ut
251 2141 281 2173 en
297 2128 331 2181 iis,
350 2126 462 2188 qui'equo
480 2131 615 2177 meruerant,
632 2121 734 2184 peditum

63 2207 161 2246 numero
168 2191 302 2250 militarent;
314 2192 352 2252 qui
361 2191 445 2254 pedites
456 2189 551 2244 tireraut,
560 2189 584 2235 in
594 2187 733 2234 funditorum

61 2258 147 2308 suilla
156 2257 368 2306 transcriberentur:
382 2270 440 2303 neve
447 2256 496 2316 quis
507 2269 584 2302 eorum
592 2253 651 2300 intra
661 2259 735 2299 castra

62 2321 173 2376 tenderet,
186 2337 244 2372 neve
253 2322 329 2368 locum
340 2328 404 2368 extra
411 2321 550 2382 assignatum
557 2319 617 2366 vallo
625 2325 664 2364 aut
671 2315 733 2364 sossi

64 2388 174 2450 er'ngeret,
194 2401 251 2434 neve
269 2387 389 2434 tentorium
407 2399 436 2432 ex
451 2385 545 2447 pellibus
560 2385 657 2431 baberet.
684 2382 734 2430 Ro-

64 2466 156 2502 cursum
170 2458 246 2502 autem
257 2449 284 2499 iis
295 2452 323 2498 ad
332 2450 450 2514 pristinum
465 2450 551 2496 militiae
565 2449 665 2496 ordinem
680 2461 734 2510 pro-

64 2523 196 2579 posuerunt,
214 2515 233 2566 si
251 2516 302 2576 quis
316 2515 368 2562 bina
386 2515 457 2576 spolie
471 2529 501 2562 ex
515 2513 615 2560 hostibus
634 2513 730 2560 tulisset.
771 2545 773 2552 .

65 2579 156 2635 Quibus
174 2579 287 2642 suppliciis
303 2579 434 2642 compressi,
454 2593 483 2626 ex
499 2578 633 2626 deformibus
650 2575 733 2638 Pyrrhi

64 2645 205 2694 munusculis
214 2645 316 2695 acerrimi
326 2646 403 2692 hostes
413 2643 555 2703 exstiterunt.
584 2641 665 2690 Parem
676 2641 733 2690 iram

64 2709 173 2759 salvemus
191 2709 242 2758 illos
260 2717 351 2760 senatus
369 2709 494 2762 destrinxit,
511 2707 550 2768 qui
565 2706 624 2769 apud
640 2703 732 2754 Cannas
