1820 2982
147 177 226 226 vni.
238 177 377 229 mnxmss
392 179 449 230 Ino
459 179 508 230 tv.
525 177 586 230 Cu.
599 183 621 228 l.
670 184 713 230 tar

80 303 134 370 (7.)
147 306 282 370 Hnjoarid
294 308 718 374 murtioobjicitntdsssptemsa·

47 373 156 433 pientiam
167 373 318 420 moderatione
329 374 429 422 referam.
448 374 472 421 A
478 375 629 437 piscatoribus,
637 375 661 421 in
668 373 719 422 Mt·

47 437 102 484 lesit
116 437 209 500 regione
222 438 355 484 verriculum
370 440 514 494 trahentibus,
529 439 618 500 quidam
628 441 716 502 jactum

47 507 140 546 emerat
159 499 269 548 Extractd
279 503 358 549 deinde
367 504 444 564 magni
453 505 557 565 ponderis
564 502 631 550 aurei
638 501 716 552 mensi

45 563 167 626 Delphici,
180 573 228 627 orta
238 567 389 614 controversia
399 575 447 626 est3
464 569 507 616 illis
520 569 614 630 piscium
626 584 651 615 se
661 584 715 630 cap-

45 637 122 676 turam
137 630 262 677 vendidisse
276 632 441 686 affinnantibus,
458 633 501 678 hoc
514 633 627 680 fortunam
638 634 715 694 jacttls

47 709 77 740 se
83 695 166 740 emisse
176 695 269 741 dicente.
287 695 482 750 Qndconditione,
494 704 584 758 propter
592 699 715 744 novitatem

46 759 88 810 rei,
110 763 134 803 et
152 759 326 820 magnitudinem
345 763 453 822 pecuniae,
473 763 501 808 ad
520 763 648 808 universum
667 764 715 824 ejus

45 822 146 868 ‹ivitatis
160 825 266 888 populum
282 823 360 880 delati,
378 826 461 886 placuit
474 827 604 888 Apollinem
618 825 715 887 Delphi·

46 901 102 932 cum
113 888 205 942 consuli,
218 889 305 935 cuinam
316 890 434 951 adjudicari
445 905 523 936 menso
533 891 628 937 deberet
649 890 716 938 Deus

46 952 169 1013 respondit,
192 953 224 998 illi
233 1006 237 1014 p
245 968 294 1000 esse
312 953 414 1008 dandam,
437 956 474 1016 qui
496 952 603 1016 sapientiai
621 961 715 1002 caeteros

46 1023 174 1078 praestaret,
186 1017 221 1065 his
230 1018 316 1065 verbis:

90 1111 131 1156 «ος
143 1114 207 1176 otpap
218 1123 304 1154 παντων
314 1102 409 1172 spurce,
420 1125 490 1166 τουτῳ
502 1107 582 1170 'spinei'
594 1125 618 1153 αν
629 1105 666 1152 bo.
726 1097 729 1106 ¹

78 1207 142 1256 Tum
153 1209 239 1256 Milesii
253 1225 363 1258 consensu
378 1207 468 1260 'lhaleti
482 1225 582 1274 mensam
596 1209 712 1258 dederunt.

45 1274 92 1321 Ille
102 1275 171 1320 cessit
181 1289 229 1320 eam
240 1271 324 1330 Bianti,
341 1275 395 1322 Bias
407 1276 503 1330 Pittaco,
519 1275 538 1322 is
549 1275 650 1337 protinus
662 1277 717 1334 alii;

44 1339 197 1399 chinoepsque
210 1353 251 1400 per
261 1341 362 1386 omnium
373 1340 464 1402 Septem
475 1341 613 1404 Sapientiam
631 1341 715 1394 orbern,

44 1403 77 1450 ad
92 1403 205 1458 ultimum
225 1404 253 1450 ad
269 1405 376 1452 Solonem
393 1406 512 1467 pervenit3
532 1406 571 1467 qui
587 1413 610 1454 et
625 1405 716 1452 titulum

43 1468 191 1528 mphssiorae
202 1468 322 1530 sapientiae,
335 1477 358 1517 et
367 1471 490 1532 praemium,
502 1470 531 1518 ad
544 1472 618 1534 ipsum
628 1471 720 1534 Apolli·

43 1547 100 1580 oem
111 1533 232 1578 mmstuht.
500 1561 503 1566 ·

77 1594 130 1660 (8.)
146 1596 225 1657 Atque
238 1604 264 1644 ut
278 1597 425 1661 Theopompo
441 1615 534 1662 quoque,
553 1599 714 1662 Spartanorum

42 1663 102 1724 regi,
112 1661 270 1708 moderationis
278 1663 429 1710 testimonium
438 1665 561 1718 reddamus,
570 1681 622 1711 oum
630 1666 716 1727 primus

42 1725 183 1772 instituisset
198 1733 225 1772 ut
241 1725 328 1788 Ephori
346 1727 510 1774 Lacedaemone
529 1737 664 1783 crearentur,
684 1729 717 1776 ita

42 1791 117 1837 futuri
129 1791 198 1851 regiae
207 1793 311 1852 potestati
323 1793 425 1853 oppositi,
438 1793 624 1851 quemadmodum
632 1793 716 1840 Reum

42 1853 159 1902 mucha
176 1855 269 1915 imperio
284 1857 366 1902 tribuni
381 1857 451 1918 plebis
467 1862 520 1901 sunt
535 1857 628 1916 objecti3
649 1863 716 1914 atque

42 1919 78 1966 illi
95 1933 154 1966 uxor
169 1918 267 1973 dixisset,
283 1921 306 1966 id
321 1921 394 1982 egisse
409 1920 479 1972 illum,
497 1925 523 1964 ut
538 1918 590 1966 filiis
605 1920 715 1966 minorem

42 1989 182 2046 potestatem
193 1984 339 2045 relinquerem
358 1980 541 2044 “Relinquam,''
553 1983 638 2042 iuquit3
654 1989 669 2012 ‘⁴
678 1983 718 2028 aed

43 2047 236 2096 ‹tumrnioremss’
254 2049 345 2110 Optime
351 2049 452 2110 quidem:
466 2063 493 2094 ea
501 2047 561 2093 enim
569 2046 660 2092 demum
668 2052 718 2094 aaa

44 2119 83 2160 eat
90 2112 198 2173 potentia,
207 2127 258 2172 quae
266 2114 349 2160 viribus
360 2114 406 2159 sois
417 2113 508 2158 modum
519 2112 620 2171 imponit.
640 2109 717 2156 Tirso-

42 2191 144 2240 pempus
162 2177 231 2236 igitur
251 2178 357 2238 legitimis
378 2190 473 2239 regnum
491 2175 587 2222 vinculis
606 2174 717 2222 consuia-

43 2241 131 2303 gando,
143 2255 189 2300 quo
199 2241 289 2302 longius
299 2257 313 2288 a
322 2239 411 2288 licentii
421 2240 520 2294 retraxit,
534 2240 577 2286 hoc
587 2239 678 2301 propius
688 2237 717 2286 od

43 2305 224 2354 benevolentiam
235 2306 317 2352 civium
326 2306 434 2353 admovit.

80 2367 131 2428 (9.)
144 2369 269 2415 Antiochus
278 2376 362 2424 autem,
374 2385 388 2416 a
399 2369 427 2414 L.
437 2368 542 2430 Scipione
550 2368 608 2416 ultra
615 2365 717 2416 Tamum

44 2441 149 2481 montem
163 2433 250 2493 imperii
264 2433 344 2480 finibus
361 2435 483 2486 submotus,
502 2448 553 2480 curn
569 2433 648 2480 Asiam
664 2447 717 2494 pro-
792 2464 795 2477 .

43 2498 155 2550 vinciam,
165 2497 293 2558 vicinasque
303 2499 323 2544 ei
337 2505 418 2558 gentes
427 2497 544 2550 amisimt,
556 2497 639 2559 gratias
649 2511 717 2558 egere

44 2562 133 2625 populo
147 2561 253 2608 Romano
268 2577 314 2608 noo
328 2561 492 2611 dormanno
504 2561 562 2614 tulit,
580 2561 671 2624 “quod
682 2561 718 2608 ni·

45 2629 91 2674 mis
101 2621 187 2686 magni
196 2625 352 2686 procuratione
360 2627 474 2680 libanius,
486 2625 579 2674 modicis
593 2625 657 2688 regui
671 2632 719 2672 ter-

46 2690 118 2740 minis
133 2688 260 2738 αἴθωνι-θ’
285 2689 319 2738 Et
333 2704 388 2738 sane
402 2690 456 2738 nihil
468 2697 565 2752 eatam
579 2689 727 2752 mim·
