1828 2982
160 156 239 209 VAL.
252 156 391 210 Maxim
406 157 461 206 Lm.
474 159 511 216 V,
526 158 587 210 Car.
601 165 624 208 2.
680 163 727 216 18⁷.

53 289 120 338 diuus
130 287 201 350 gratis
211 287 282 336 locus·
307 287 344 336 Μ.
356 285 460 336 Cornuto
469 297 567 351 praetore
575 289 643 338 sunus
655 289 727 338 Hirtii

53 363 79 402 et
93 352 177 402 Pansae
186 353 254 416 jussu
268 353 359 400 sanatus
377 353 472 408 locante,
492 356 530 416 qui
547 363 602 403 tuno
620 356 727 403 libitinam

52 419 196 472 exercebant,
212 433 264 464 cunr
279 433 353 464 rerum
369 433 459 464 suannn
474 435 548 474 usum,
564 428 613 468 turn
626 421 729 468 minista-

53 485 114 532 rium
126 497 200 535 auum,
212 482 336 544 gratuitum
347 483 439 542 polliciti
451 491 518 542 sunt;
534 486 587 546 quia
602 486 624 532 hi
639 502 680 547 pro
692 502 728 532 re-

53 544 145 612 publicd
155 547 286 594 dimicantes
294 547 434 604 occiderant3
447 551 641 610 perseverantique
650 559 728 612 postu-

53 613 143 662 latione
150 611 292 665 extuderunt,
302 618 328 658 ut
336 613 490 672 exsequiarum
499 622 615 676 apparatus
624 616 727 662 sestertio

54 691 154 726 nummo
167 675 221 736 ipsis
234 676 384 738 praebentibus
398 677 549 725 addicereturr
568 694 664 740 quorum
678 681 728 726 lau-

54 744 109 796 dem
122 737 219 803 [adjecti
228 739 291 804 lege]
303 741 401 788 conditio
412 749 480 804 auget
490 744 570 805 magis,
582 759 648 804 quam
664 753 728 792 exte-

53 812 127 862 nuat;
145 805 349 866 quoniamquidem
361 814 472 866 quaestum
483 816 658 865 contemserunt,
673 807 728 856 nulli
745 849 748 854 .

51 871 94 920 alii
105 870 138 918 rei
148 885 216 930 quam
226 871 323 931 quaestui
333 870 442 918 viventes.

334 975 449 1034 Externa.

89 1063 153 1113 Pace
167 1063 266 1112 cinerum
281 1078 380 1118 suorum,
396 1079 462 1126 reges
477 1065 579 1126 gentium
590 1073 726 1122 exterarum,

52 1129 181 1180 secundum
198 1130 258 1175 bunc
273 1135 319 1175 tnm
334 1136 473 1176 contemtum
489 1145 591 1191 gregem,
608 1131 685 1178 referri
702 1148 727 1180 se

51 1197 185 1260 patientum
201 1194 239 1255 qui
250 1201 289 1240 aut
302 1208 349 1240 non
362 1193 515 1256 attingendus,
531 1202 570 1241 aut
585 1209 631 1241 non
646 1196 689 1242 nisi
704 1197 728 1242 in

51 1257 138 1310 ultimis
151 1266 215 1321 parte
228 1258 402 1310 domesticorum
416 1259 570 1320 exemplorum
585 1261 728 1308 collocandus

50 1326 107 1376 fuit·
134 1323 179 1371 Sed
196 1323 249 1370 dum
262 1323 430 1376 honestitatis,
446 1323 513 1370 etiem
529 1325 556 1370 ab
570 1324 652 1372 infimis
666 1326 726 1380 editi,

51 1389 168 1439 merueris
177 1402 223 1434 non
239 1384 387 1451 [intercidat]
400 1388 453 1434 licet
463 1395 589 1450 separatum
600 1391 675 1436 locum
687 1392 727 1438 ob·

52 1458 161 1512 tineent3
186 1460 212 1500 ut
232 1467 275 1499 neo
296 1452 331 1500 bis
349 1453 435 1516 adjecti,
455 1468 498 1500 nec
516 1454 559 1502 illis
577 1453 672 1518 praela'ti,
692 1456 727 1504 ui-

50 1523 159 1570 deantur.

87 1581 136 1648 (1.)
149 1581 242 1634 Darius,
254 1581 347 1643 privatae
358 1570 542 1638 adliucsortunae,
554 1586 650 1634 amiculo
660 1586 728 1648 Sylo-

51 1648 130 1700 mntis
142 1647 211 1694 Samii
222 1646 351 1700 delectatus,
363 1649 485 1696 curiosiore
495 1653 683 1712 contemplatione
693 1651 728 1699 t'e-

51 1717 95 1769 cit,
108 1718 135 1760 ut
146 1712 206 1758 ultro
217 1711 264 1762 sibi,
277 1718 300 1758 et
311 1713 399 1771 quidem
410 1728 424 1758 a
434 1713 521 1774 cupido,
534 1715 630 1762 daretur.
655 1715 727 1778 Cujus

53 1777 160 1829 muneris
175 1791 243 1837 quam
258 1783 323 1838 grata
337 1777 456 1824 aessmatio
470 1778 545 1823 animo
559 1780 607 1839 ejus
621 1787 681 1826 esset
695 1781 729 1826 al·

51 1847 128 1907 lupen,
140 1855 212 1904 regno
226 1841 311 1902 potitus
325 1841 436 1887 ostendit:
455 1847 526 1886 totam
541 1855 637 1902 namque
651 1844 728 1890 urbem

52 1918 80 1958 et
98 1906 195 1954 insariam
214 1905 340 1952 Samiorum
361 1905 476 1966 Sylosonti
493 1905 609 1952 fruendam
629 1907 727 1954 tradidit.
745 1947 747 1952 ,

50 1973 115 2024 Non
125 1970 186 2018 enim
198 1969 292 2032 pretium
304 1970 336 2017 rei
347 1971 489 2023 aestimatum,
501 1969 541 2016 sed
552 1970 639 2016 occasio
650 1971 729 2020 libera·

49 2037 127 2088 litatis
142 2043 178 2082 est
192 2036 315 2091 bonorats3
334 2035 457 2097 magisque,
474 2049 546 2094 aquo
561 2035 644 2080 donum
661 2035 729 2096 proli-

50 2106 186 2154 cisceretur,
199 2115 266 2161 quam
277 2099 306 2146 sd
315 2115 382 2161 quem
393 2100 527 2161 perveniret,
539 2101 662 2160 provisum.

88 2163 141 2230 (2.)
160 2164 304 2212 Mithridates
318 2180 407 2225 quoque
419 2179 460 2210 rex
470 2163 589 2225 magnifice
599 2172 678 2227 gratus
689 2179 729 2226 ap-

48 2232 146 2299 paruit5
165 2229 271 2291 quoniam
285 2245 326 2290 pro
341 2227 450 2282 Leonico,
466 2230 574 2274 acerrimo
589 2229 667 2276 salutis
682 2244 730 2276 suae

49 2297 182 2348 defensore,
200 2310 214 2341 a
231 2293 327 2340 Rhodiis
344 2293 417 2340 navali
433 2291 510 2356 pugni
528 2301 630 2356 excepto,
650 2309 729 2342 omnes

47 2361 157 2414 hostium
171 2359 272 2421 captivos
286 2359 435 2420 permutavit3
453 2359 522 2404 satius
536 2374 585 2406 esse
598 2359 729 2406 existimans

48 2433 81 2479 ab
92 2425 236 2474 invitissimis
249 2423 412 2478 circumveniri,
428 2425 566 2485 quambene
580 2425 660 2472 merito
675 2441 729 2487 gra·

46 2497 109 2543 tium
122 2503 168 2536 non
179 2487 268 2536 referre.

87 2551 140 2620 (8.)
159 2552 268 2600 Liberalis
278 2553 373 2615 populus
383 2551 503 2602 Romanus
513 2555 667 2617 magnitudine
678 2570 729 2601 mu·

50 2621 126 2674 neris,
136 2617 197 2679 quod
207 2619 287 2666 Attalo
298 2617 346 2680 regi
358 2618 437 2664 Asiam
448 2619 509 2666 dedit
519 2620 586 2667 dono.
605 2621 650 2668 Sed
661 2621 730 2667 Atta·

48 2693 98 2740 lue,
109 2684 178 2734 etiam
196 2684 323 2732 caumont
340 2683 446 2746 nequitae
463 2692 550 2747 gratus,
570 2686 607 2748 qui
627 2685 742 2734 eamdem.

485 2753 501 2794 2
511 2764 527 2794 n
