1820 2982
135 145 215 198 vnn
229 137 617 200 Mnxm1Lm11.cn.‘1o
686 145 722 196 ar

45 273 98 324 tatis
107 277 236 325 excelsius?
254 277 307 340 quid
321 279 387 326 etiarn
397 277 536 342 jucundius?
564 275 647 326 Hostis
657 276 713 324 iram

45 341 192 390 dmiratione
205 343 240 390 sui
254 343 362 405 placavit:
385 345 510 406 spectaculo
524 345 651 406 praesentiae
666 357 714 389 suae

46 405 158 454 latronam
182 409 305 470 gestientes
327 409 404 456 oculos
425 409 577 470 obstupefecit.
612 407 714 470 Delapsa

45 471 104 518 aoelo
115 471 189 518 sidera
198 473 323 520 hominibus
334 473 353 520 si
364 488 388 520 se
396 472 497 527 offerant,
508 471 658 520 venerationis
665 487 714 519 arn-

43 535 101 597 plius
111 550 159 582 non
170 537 283 599 recipient

77 598 125 664 (Β.)
142 599 177 647 Et
194 602 243 648 heo
258 601 346 662 quidem
362 602 416 648 vivo
433 602 543 664 Scipioni:
567 589 622 648 iliud
637 607 713 648 antem

45 663 144 711 AEmilio
155 664 227 712 Paulo
238 667 333 713 exanimi
341 667 443 728 contigit
460 667 530 720 Nam,
542 681 593 712 cnm
602 666 715 726 exsequiae

46 731 96 792 eJ'ur
107 729 278 785 celebrarentur,
290 746 316 777 ac
325 731 384 778 forte
392 739 446 778 tnnc
453 731 564 793 principes
573 731 716 778 Macedoniae

45 794 168 856 legationis
184 795 275 842 nomine
292 795 375 842 Rornae
389 803 536 848 morarentur,
552 796 639 842 funebri
655 796 716 841 lecto

46 865 131 920 sponte
145 856 186 906 ml
201 875 250 906 mse
261 861 408 922 subJecerunt.
433 861 503 914 Quod
517 861 629 921 aliquanto
643 861 716 922 maJus

46 923 167 977 ridebitur,
179 924 259 984 siquis
273 933 403 986 cognoscat,
417 925 470 972 lecti
483 925 543 972 illius
552 925 650 970 frontem
661 923 716 968 Ma-

46 987 163 1035 cedonicis
173 989 290 1050 triumphis
297 989 366 1036 inisse
374 989 511 1036 edomatam.
531 988 648 1042 Quantum
656 987 716 1033 enirn

45 1051 123 1100 Paulo
135 1053 268 1107 tribuerunt,
282 1062 374 1116 propter
387 1069 454 1114 quern
469 1053 544 1115 gentis
559 1067 607 1098 suae
622 1051 717 1098 cladium

43 1116 130 1164 indicia
142 1132 184 1179 per
198 1133 237 1164 ora
250 1117 313 1179 vulgi
326 1118 386 1165 ferre
400 1133 447 1164 non
462 1115 640 1164 exhorruerunt?
654 1113 718 1175 *quod

163 1197 201 1227 um
210 1181 284 1228 funeri
295 1183 390 1244 speciem
402 1182 493 1228 alterius
508 1181 614 1242 triumphi
628 1179 716 1241 adjecit.

41 1246 90 1295 Bis
100 1245 164 1294 enim
174 1253 204 1299 te,
217 1244 294 1300 Paule,
307 1247 442 1293 Macedonia
454 1245 502 1292 urbi
513 1252 597 1291 nostrae
608 1244 717 1291 illustrem

41 1310 162 1370 ostendit;
178 1310 320 1367 incolumem,
332 1311 408 1373 spoliis
419 1309 480 1368 suis3
495 1309 543 1357 fato
552 1309 662 1364 functum,
675 1309 718 1356 hu-

41 1389 124 1424 mem·

76 1436 132 1505 (4.)
149 1437 188 1486 Ne
197 1437 237 1485 filii
247 1439 335 1500 quidem
345 1439 379 1486 tui
391 1438 501 1502 Scipionis
511 1438 635 1494 AEnriliani,
650 1451 717 1502 quem

41 1508 66 1554 in
83 1504 232 1566 adoptionem
249 1505 328 1560 dando,
347 1505 440 1552 duarum
452 1504 585 1552 familiarum
600 1519 720 1552 ornamen-

42 1580 96 1620 tum
114 1583 167 1616 osse
178 1568 276 1624 voluisti,
290 1570 400 1632 majestati
413 1585 491 1632 parum
505 1570 596 1617 honoris
611 1571 719 1616 tributum

42 1645 96 1688 ests
122 1647 176 1681 eum
190 1633 258 1688 enim,
274 1634 436 1680 adolescentem
449 1635 576 1689 admodum,
593 1649 607 1681 a
621 1633 719 1681 Lucullo

42 1697 147 1751 consule
156 1699 246 1760 petendi
256 1699 331 1745 auxilii
341 1697 413 1760 gratii
423 1713 452 1746 ex
464 1697 576 1760 Hispaniis
585 1699 609 1744 in
617 1698 720 1745 Africam

43 1769 157 1816 missum,
178 1760 375 1826 Carthaginienses
391 1771 415 1810 et
429 1763 552 1810 Masinissa
567 1777 608 1808 rex
623 1762 651 1808 de
665 1777 722 1824 pace

42 1833 233 1890 duoeptatorem,
242 1828 305 1876 velut
312 1828 427 1874 consulem
435 1834 458 1873 et
465 1827 628 1888 imperatorem,
637 1827 722 1872 habue-

42 1901 126 1945 runt·
145 1890 231 1954 Ignara
250 1893 339 1953 quidem
361 1892 461 1940 fatorum
485 1905 576 1938 suorum
598 1888 722 1950 Carthago.

43 1955 158 2010 Orientis
176 1956 235 2002 enim
253 1957 309 2003 illud
321 1959 424 2020 Juventae
440 1957 515 2011 decus
532 1955 637 2002 Deorum
656 1961 725 2013 atque

43 2021 175 2074 hominurn
192 2020 338 2084 indulgentia,
361 2022 389 2068 ad
410 2022 521 2068 excidium
540 2021 588 2082 ejus
607 2019 720 2065 alebatur:

43 2098 73 2138 ut
94 2084 203 2147 nrperius
221 2100 348 2148 cognomen
366 2085 499 2132 Africanum
517 2079 589 2148 capt'a,
611 2082 724 2146 posterius

41 2165 141 2205 ενα-ιι,
154 2147 268 2198 Corneliae
277 2151 341 2213 genti
351 2151 420 2197 daret.

79 2212 136 2282 (5.)
163 2213 227 2268 Quid
247 2215 396 2268 damnatione,
418 2215 472 2276 quid
492 2214 578 2266 exsilio,
600 2210 722 2259 miserius?

42 2280 128 2344 Atqui
147 2277 177 2341 P,
193 2278 287 2333 Rutilio,
307 2280 470 2346 conspiratione
486 2279 653 2341 publicanorum
671 2292 723 2339 por·

43 2343 575 2399 cnhmauctoritatemadimerenonvaiuerunt.
592 2341 722 2390 cuinam

42 2408 141 2478 petati
156 2422 236 2454 omnes
251 2409 372 2469 provinciae
386 2409 445 2454 illins
458 2408 560 2454 civitates
575 2408 669 2470 legatos,
687 2421 724 2452 se-

42 2487 144 2526 cessum
154 2472 204 2534 eju·
215 2473 361 2538 opperientes,
373 2473 460 2518 obviam
471 2473 587 2518 miserunt.
611 2470 724 2519 Exsulare

42 2539 136 2602 aliquia
146 2537 190 2584 hoo
200 2537 258 2591 loco,
270 2553 298 2584 an
309 2537 452 2598 triumphare,
460 2537 544 2598 Justius
554 2535 651 2582 dixerit?

84 2597 141 2670 (o.)
161 2599 191 2652 C·
207 2601 275 2650 ctiam
292 2601 389 2656 nterim,
405 2601 429 2648 in
445 2600 580 2664 profundum
597 2600 725 2648 ultimarum
