1820 2982
184 177 263 229 VAL.
273 177 411 228 ΜΔΧΙΜῙ
428 175 529 229 Lon„
546 179 607 231 On.
617 185 641 232 9.
716 189 748 235 88

74 317 160 376 genten
170 306 329 372 compurinoet,
343 309 438 371 perinde
453 325 480 358 oc
497 312 557 360 mulo
568 313 671 376 exemplo
681 315 748 364 luxu-

75 379 171 430 riosum,
182 376 206 420 in
218 375 295 421 ordine
306 375 417 422 senatorio
428 383 539 423 retentum
550 393 597 424 non
608 395 664 428 esse.
687 380 748 443 Iptte

76 437 265 506 (mediun'fidius)
277 439 331 486 mihi
340 440 413 486 literae
422 442 499 487 oaeculi
510 443 581 489 nostri
592 445 748 507 obstupescere

75 507 190 558 videntur,
211 519 271 558 cunr,
291 504 423 551 adnutum
442 507 583 554 severitatem
601 509 747 566 referendam,

75 569 227 618 ministenum
245 569 414 616 accommodare
434 579 553 632 coguntur,
573 588 599 620 uo
618 577 697 630 vereri,
718 591 748 624 ne

75 651 124 683 nou
143 641 229 680 nontrae
245 634 306 680 urbir
322 641 372 680 acto
388 649 563 684 commemorare
580 639 743 687 existimentur.

75 699 126 746 vix
137 699 198 746 euim
209 698 313 744 credibile
328 705 369 751 est,
381 699 440 745 intro
449 700 508 746 idem
518 704 652 764 pomoerium
668 706 746 752 decern

74 765 153 827 pondo
171 763 259 824 urgenti
276 770 299 810 et
314 763 449 809 invidiorum
458 765 529 814 luisse
538 782 638 823 censum,
657 777 680 817 et
695 771 747 817 ino-

74 829 138 892 pium
149 827 223 874 haberi
234 827 442 874 contemtisrimam.

108 890 158 957 (5.)
175 891 212 938 M.
223 900 299 938 nutem
310 892 425 938 Antonius
435 901 459 940 et
469 893 498 940 L.
510 894 613 951 Flaccus,
632 913 744 954 censores,

74 957 209 1006 Duronium
221 964 300 1004 senatu
315 964 441 1011 moverunt,
459 960 520 1018 quod
536 961 618 1022 legem,
637 963 665 1009 de
681 965 745 1010 oder-
787 958 792 968 ’

74 1022 155 1070 cendio
170 1021 324 1068 conviviorum
340 1023 449 1068 sumtibus
463 1024 538 1077 latam,
559 1026 660 1072 tribunus
675 1028 746 1088 plebio

76 1088 235 1148 abrogaverat.
257 1085 355 1132 Mirifice
365 1093 427 1132 notae
440 1103 514 1133 causa.
536 1087 612 1141 Quam
629 1091 689 1137 onim
703 1092 747 1137 im.

71 1152 186 1215 pudenter
200 1150 319 1197 Duronius
329 1151 415 1197 Rostra
428 1152 564 1205 conscendit,
580 1153 618 1199 illn
628 1154 741 1203 dicturus:

74 1224 92 1248 “
100 1215 171 1264 Freni
182 1223 235 1262 runt
244 1215 320 1278 injecti
330 1216 400 1268 vobis,
418 1215 526 1269 Quirites,
543 1217 683 1265 nullomodo
694 1235 744 1282 per·

72 1279 192 1343 potiendir
211 1280 295 1342 nllignti
312 1287 335 1326 et
353 1279 469 1326 constricti
488 1281 541 1328 ostie
558 1297 634 1330 amaro
652 1284 744 1336 vinculo

71 1345 197 1394 servitutis.
216 1343 267 1391 Iex
281 1344 341 1392 enim
351 1345 396 1391 latu
410 1352 451 1399 cst,
464 1361 514 1405 quae
526 1363 628 1396 vonesse
637 1348 697 1412 frugi
704 1352 744 1412 ju·

71 1413 118 1458 bet.
146 1410 289 1470 Abrogemun
299 1409 368 1471 igitur
378 1410 438 1456 istud
448 1411 543 1458 horridae
554 1416 672 1461 vetustatis
683 1417 744 1462 rubi-

72 1475 129 1539 gine
140 1475 235 1521 obsitum
246 1474 377 1536 imperium:
396 1476 478 1522 etenim
495 1477 547 1537 quid
563 1494 619 1542 opus
634 1480 742 1536 libertate,

72 1541 93 1588 ei
103 1540 231 1588 volentibus
241 1539 297 1586 luxu
307 1539 379 1601 perire
389 1555 435 1586 nou
445 1541 531 1587 licet?''

106 1603 158 1669 (6.)
175 1605 236 1666 Age,
257 1619 297 1666 par
315 1603 452 1666 proferamus
473 1609 552 1668 aeqnoli
566 1610 625 1672 jugo
643 1611 741 1666 virtutis,

72 1672 230 1729 honorumque
251 1669 357 1716 societate
371 1671 483 1732 junctum,
510 1670 647 1734 [instrictum
667 1684 742 1722 nutem

72 1733 224 1784 mundonis
233 1734 309 1794 hamo]
323 1733 437 1781 dissidens.
458 1734 641 1792 ClaudiusNero‚
651 1738 743 1786 Livius-

71 1815 120 1861 que
138 1799 256 1852 sumator,
275 1799 367 1845 secundi
381 1798 462 1846 Punici
479 1801 531 1846 belli
549 1804 685 1864 temporibus
702 1804 742 1849 iir-

72 1864 176 1912 munima
200 1863 326 1926 reipublioae
344 1863 420 1918 latera,
440 1879 508 1924 quum
528 1865 654 1913 destrictum
673 1868 740 1914 simul

70 1936 171 1991 egerunt
181 1928 310 1976 censuram!
329 1927 398 1983 Nam,
411 1944 463 1975 cnm
473 1929 573 1990 equiturn
584 1930 694 1977 centuriae
706 1947 741 1977 ro·

72 2000 245 2056 oognoecerent,
265 2000 288 2040 et
305 1993 355 2055 ipsi,
374 2002 466 2056 propter
486 1995 553 2040 robur
572 1994 652 2047 aetetir,
672 1995 740 2042 etiam
815 2043 817 2050 ,

70 2073 134 2106 nunc
144 2073 222 2104 eorum
232 2065 309 2104 ostent
318 2074 332 2105 e
342 2073 443 2112 numero,
458 2065 484 2104 ut
493 2066 528 2105 ent
538 2060 567 2106 nd
577 2057 673 2105 Polliam
684 2075 741 2106 ven-
815 2075 818 2082 ¹

71 2131 122 2171 tttm
133 2123 222 2177 tribum,
239 2138 321 2185 praeco,
340 2124 399 2170 lecto
413 2123 504 2170 nomine
516 2123 654 2177 Salinatoris,
670 2123 741 2170 citen-
830 2120 832 2125 ’

70 2189 126 2236 dum
141 2202 213 2234 necne
223 2187 263 2234 ribi
278 2195 344 2242 creet,
357 2189 476 2236 hesitavit
500 2189 572 2242 Quod
582 2189 619 2235 ubi
629 2188 740 2236 intellexit

69 2253 143 2307 Nero.
164 2260 188 2300 et
203 2253 266 2300 citari
283 2254 399 2316 collegam,
419 2261 442 2312 et
455 2269 537 2314 equum
554 2253 651 2302 vendere
663 2254 738 2316 justit,

69 2319 124 2380 quit
133 2318 209 2380 populi
215 2318 300 2380 judicio
311 2318 428 2365 domnulus
438 2327 504 2366 esset.
529 2320 640 2366 Salinator
650 2335 740 2382 quoque

69 2381 149 2432 eidem
160 2383 352 2430 animadversione
362 2382 478 2430 Neronem
493 2393 624 2446 persecutus
641 2393 682 2439 est,
699 2386 739 2432 nd-

64 2447 130 2512 joctir
140 2445 214 2501 cnuti,
232 2448 293 2508 quod
303 2463 349 2494 non
364 2447 450 2495 sinceri
464 2448 508 2496 fide
522 2465 598 2498 secum
609 2451 632 2496 in
643 2451 738 2514 gratiam

70 2513 179 2560 rediisset·
199 2512 287 2567 Quibus
297 2513 351 2560 virio
367 2514 386 2559 si
396 2513 447 2573 quis
456 2515 580 2562 coelertium
592 2515 740 2578 significisset

68 2577 178 2632 futurum,
190 2585 304 2625 uteorum
315 2579 409 2641 languit
416 2579 535 2626 illustrium
545 2581 669 2643 imaginum
683 2581 740 2628 oeric

69 2643 186 2697 deductus,
198 2643 221 2688 in
238 2650 312 2689 ortum
323 2644 425 2690 solutoris
435 2645 539 2706 principis
553 2647 624 2692 nostri
639 2644 740 2691 confluo-
761 2661 763 2664 ·
855 2662 858 2670 ¹

69 2717 112 2765 ret,
128 2707 234 2772 domnos
248 2708 376 2765 inimicitiis,
396 2709 520 2758 mtitnmo
529 2727 562 2820 3ne
578 2710 682 2759 micitia
695 2707 741 2756 foe·

508 2791 520 2822 t
