1820 2982
207 185 254 231 1⁴0
302 179 382 230 VAL.
394 175 532 228 Mfflllss
545 174 601 224 In·
615 174 660 224 tv.
678 172 773 225 Cae-1.

200 311 330 377 plintae,
339 302 865 368 eunotonquerirtu'tiaarimernsaltituffiairnae

205 378 256 426 auu
266 375 354 422 &usos
364 373 534 420 mnodientem.

239 437 284 504 (8.)
296 437 444 498 Nequaquam
455 435 545 492 Platoni
554 435 668 482 literarum
678 432 866 481 oommeudata'one

204 519 245 570 par
265 504 418 564 Syracusanus
436 501 501 547 Dion
507 517 516 559 ;
538 499 584 553 sed,
604 499 665 560 quod
679 499 708 545 ed
723 497 865 560 praestandam

205 567 380 616 moderationem
407 566 493 618 attinet,
517 564 689 611 vehementioris
715 560 863 625 experirnenti·

167 649 170 656 ·
205 629 283 681 Patriit
292 632 369 693 pulsus
377 645 390 677 a
398 629 512 690 Dionysio
520 635 623 690 tyranno,
636 627 755 688 Megaram
764 628 863 689 petierat:

204 698 241 745 ubi
253 711 304 742 eum
315 695 467 747 Theodorum,
479 695 600 757 principem
611 693 658 754 ejus
669 692 735 746 urbis,
749 692 809 738 domi
817 705 864 736 eorr-

204 761 282 810 venite
302 760 377 813 vellet,
400 773 472 818 neque
480 771 482 776 ·
490 757 648 810 admitteretur,
671 756 768 802 multum
791 755 864 815 diuque

199 823 330 873 anteferes
344 830 450 875 retentus,
468 821 545 868 comiti
560 836 607 874 suo,
627 827 643 849 “
652 819 768 867 Patiente'r
781 821 825 866 boc
836 819 864 864 se·

204 890 298 938 rendum
314 886 374 942 est,‘’
391 887 436 934 ait:
462 891 478 915 “
488 884 582 931 forsitan
597 884 657 932 enim
673 890 696 930 et
712 899 762 937 nos,
780 885 863 931 eumin

204 952 396 1018 grsdudignitatiu
404 956 489 996 nostm
496 963 601 1002 essenus,
611 947 692 1009 aliquid
699 945 863 996 talefeeimus.”

207 1017 260 1074 Qui
270 1016 430 1078 tranquillitate
442 1014 535 1068 consilii,
549 1014 597 1076 ipse
611 1013 652 1060 u'bi
665 1013 817 1062 conditionem
831 1025 864 1060 ex·

204 1085 247 1133 silli
257 1083 400 1146 placidiorem
410 1079 511 1126 reddidit.
781 1077 784 1082 '
894 1105 895 1132 3

238 1146 287 1213 (4.)
305 1145 459 1206 Thrasybulus
475 1143 542 1189 etiam
559 1142 602 1188 boe
616 1140 659 1188 loci
673 1141 864 1203 apprehendendus
894 1135 895 1190 l

151 1223 156 1236 “
200 1221 254 1272 est3
270 1213 309 1274 qui
319 1211 426 1274 populum
436 1208 605 1260 Atheniensem,
621 1205 714 1267 triginta
724 1213 864 1266 tyrannorum
894 1211 895 1270 l

200 1275 292 1326 sevitia
302 1277 366 1323 sedes
376 1289 427 1321 suas
442 1273 565 1332 relinquere
580 1276 694 1324 conatum„
705 1269 865 1332 dispersamque
894 1275 895 1296 ¹

204 1351 227 1391 et
240 1355 321 1403 vagam
336 1341 405 1386 vitam
420 1336 572 1384 miserabiliter
585 1335 720 1396 exigentem,
736 1337 819 1384 animia
832 1351 866 1397 pa·

200 1408 257 1453 riter
275 1411 342 1464 atque
360 1403 428 1449 armis
444 1401 606 1452 confirmatum,
624 1399 647 1446 in
662 1399 756 1460 patriam
774 1401 864 1448 reduxit.

71 1472 75 1484 ’
163 1495 166 1504 =
205 1469 322 1530 Insignem
333 1466 413 1513 deinde
423 1465 563 1512 restitutione
575 1464 681 1511 libertatis
694 1463 813 1512 victoriam
826 1466 866 1518 ela·

202 1536 285 1582 riorern
293 1532 405 1592 aliquanto
412 1529 570 1576 moderationis
577 1527 708 1576 laudefecit.
727 1527 865 1578 Plela‘senim

130 1598 144 1614 ⁰
203 1599 284 1647 scitum
294 1595 433 1657 interposuit,
446 1609 475 1640 ne
482 1609 527 1654 qua
534 1593 694 1655 preteritarum
703 1607 780 1642 rerum
789 1595 866 1642 mentio

202 1663 273 1711 tieret
303 1659 364 1706 Haeo
383 1659 464 1706 oblivio
484 1659 561 1722 (quern
580 1657 730 1704 Athenienses
745 1665 866 1717 Δμηπιαι

203 1723 296 1786 rorant)
314 1739 449 1772 concussum
465 1730 489 1770 et
505 1724 615 1770 labentem
634 1721 731 1769 civitatis
747 1722 866 1770 Manain

202 1792 322 1857 pristinum
331 1789 430 1837 habitum
440 1787 561 1836 revocavit

236 1855 285 1922 (5.)
308 1854 364 1902 Non
382 1854 475 1900 minoris
492 1849 643 1900 admirationis
659 1849 728 1898 illude
756 1851 865 1912 suippe

202 1922 322 1985 Tegeates,
345 1918 484 1966 hortantibus
502 1916 579 1963 amieis
601 1922 626 1962 ut
644 1929 737 1977 gravem
757 1917 782 1964 iu
801 1915 865 1964 admi·

202 1987 335 2035 nistretione
344 1983 470 2045 reipublicae
480 1981 594 2035 aemulum,
607 1980 736 2040 sedalioqiri
744 1981 865 2042 probumet

202 2059 307 2100 ornatum
317 2049 398 2100 vinam,
410 2045 507 2108 quilibet
520 2045 606 2092 ratione
616 2045 653 2092 vel
663 2044 759 2099 tollerat,
772 2045 811 2094 vd
819 2045 865 2092 ml>
893 2049 894 2056 ’

202 2121 312 2169 moveret,
330 2112 422 2175 negauit
439 2126 464 2159 se
478 2110 604 2167 iacturum
624 2123 660 2163 ne,
677 2123 744 2170 quern
761 2110 787 2157 in
802 2105 865 2156 tutdi

201 2181 280 2243 patriae
290 2181 362 2226 bonus
373 2177 428 2223 ciris
435 2175 510 2224 Ιοοιιπι
518 2175 634 2228 obtineret.
646 2174 718 2220 malus
726 2180 749 2222 et
757 2174 864 2237 improbae

199 2250 334 2306 oocuparet:
352 2249 421 2302 seque
430 2241 505 2302 potius
515 2239 642 2286 vehementi
652 2239 780 2286 adversans
789 2236 862 2300 urgeri
893 2229 894 2298 l

201 2323 269 2368 quam
279 2306 372 2368 patriam
384 2306 476 2368 egregio
485 2304 595 2351 mroeato
606 2317 687 2356 carere,
698 2303 841 2366 praeoptavit.
893 2305 894 2362 l

235 2369 284 2433 (6.)
305 2370 386 2416 Pittaci
403 2385 492 2430 quoque
510 2368 661 2415 moderatione
679 2373 757 2430 pertire
774 2369 863 2416 inarue-

201 2439 257 2485 turn,
270 2433 309 2492 qui
320 2433 423 2479 Aloeaum
433 2435 530 2495 phetam,
546 2440 569 2479 et
584 2433 730 2480 amaritudine
743 2433 790 2480 odii
802 2439 826 2479 et
834 2429 862 2476 ri·

200 2496 262 2541 ribus
272 2497 357 2557 ingenii
367 2497 473 2544 adsersus
484 2513 508 2544 se
518 2498 693 2558 pertinacissime
703 2511 777 2552 usum,
794 2504 863 2558 tyrra-

200 2558 301 2634 nidema
314 2560 398 2606 civibus
412 2561 507 2609 delatam
522 2562 621 2623 adeptus,
638 2562 801 2616 tautummodo,
817 2555 862 2621 quid

200 2635 224 2668 an
235 2623 379 2684 opprimendo
389 2633 473 2684 posset,
484 2627 607 2675 admonm,
