<?xml version="1.0" encoding="UTF-8"?>
<!DOCTYPE html PUBLIC "-//W3C//DTD XHTML 1.0 Transitional//EN"
    "http://www.w3.org/TR/xhtml1/DTD/xhtml1-transitional.dtd">
<html xmlns="http://www.w3.org/1999/xhtml" xml:lang="en" lang="en">
 <head>
  <title>
</title>
<meta http-equiv="Content-Type" content="text/html;charset=utf-8" />
  <meta name='ocr-system' content='tesseract 3.04.00' />
  <meta name='ocr-capabilities' content='ocr_page ocr_carea ocr_par ocr_line ocrx_word'/>
</head>
<body>
  <div class='ocr_page' id='page_1' title='image "./valeriimaximifa00kappgoog_0276.png"; bbox 0 0 1828 2982; ppageno 0'>
   <div class='ocr_carea' id='block_1_1' title="bbox 165 159 745 239">
    <p class='ocr_par' dir='ltr' id='par_1_1' title="bbox 165 159 745 239">
     <span class='ocr_line' id='line_1_1' title="bbox 165 159 745 239; baseline 0.021 -30"><span class='ocrx_word' id='word_1_1' title='bbox 165 159 245 239; x_wconf 68' lang='lat' dir='ltr'><strong>vas„</strong></span> <span class='ocrx_word' id='word_1_2' title='bbox 254 161 392 214; x_wconf 79' lang='lat' dir='ltr'><strong>usx1u1</strong></span> <span class='ocrx_word' id='word_1_3' title='bbox 409 163 534 214; x_wconf 66' lang='lat' dir='ltr'><strong>mvn.</strong></span> <span class='ocrx_word' id='word_1_4' title='bbox 552 165 647 218; x_wconf 65' lang='lat' dir='ltr'><strong>caes.</strong></span> <span class='ocrx_word' id='word_1_5' title='bbox 696 173 745 220; x_wconf 80' lang='lat' dir='ltr'><strong>sos</strong></span> 
     </span>
    </p>
   </div>
   <div class='ocr_carea' id='block_1_2' title="bbox 67 289 744 425">
    <p class='ocr_par' dir='ltr' id='par_1_2' title="bbox 67 289 744 425">
     <span class='ocr_line' id='line_1_2' title="bbox 67 289 743 355; baseline 0.01 -14"><span class='ocrx_word' id='word_1_6' title='bbox 67 289 102 342; x_wconf 82' lang='lat' dir='ltr'><strong>Et</strong></span> <span class='ocrx_word' id='word_1_7' title='bbox 110 305 168 340; x_wconf 80' lang='lat' dir='ltr'><strong>sane</strong></span> <span class='ocrx_word' id='word_1_8' title='bbox 178 293 303 355; x_wconf 78' lang='lat' dir='ltr'><strong>negotium,</strong></span> <span class='ocrx_word' id='word_1_9' title='bbox 314 294 406 342; x_wconf 81' lang='lat' dir='ltr'><strong>nomine</strong></span> <span class='ocrx_word' id='word_1_10' title='bbox 416 295 537 350; x_wconf 84' lang='lat' dir='ltr'><strong>horridum.</strong></span> <span class='ocrx_word' id='word_1_11' title='bbox 550 295 647 346; x_wconf 81' lang='lat' dir='ltr'><strong>civitatis</strong></span> <span class='ocrx_word' id='word_1_12' title='bbox 657 305 743 348; x_wconf 84' lang='lat' dir='ltr'><strong>nostrae</strong></span> 
     </span>
     <span class='ocr_line' id='line_1_3' title="bbox 67 358 744 425; baseline 0.013 -22"><span class='ocrx_word' id='word_1_13' title='bbox 67 372 147 404; x_wconf 83' lang='lat' dir='ltr'><strong>mores</strong></span> <span class='ocrx_word' id='word_1_14' title='bbox 165 358 189 403; x_wconf 90' lang='lat' dir='ltr'><strong>in</strong></span> <span class='ocrx_word' id='word_1_15' title='bbox 208 373 251 404; x_wconf 91' lang='lat' dir='ltr'><strong>suo</strong></span> <span class='ocrx_word' id='word_1_16' title='bbox 269 365 329 408; x_wconf 79' lang='lat' dir='ltr'><strong>statu</strong></span> <span class='ocrx_word' id='word_1_17' title='bbox 345 359 468 407; x_wconf 80' lang='lat' dir='ltr'><strong>continuit:</strong></span> <span class='ocrx_word' id='word_1_18' title='bbox 487 360 575 408; x_wconf 74' lang='lat' dir='ltr'><strong>blandae</strong></span> <span class='ocrx_word' id='word_1_19' title='bbox 590 363 744 425; x_wconf 73' lang='lat' dir='ltr'><strong>appellationis</strong></span> 
     </span>
    </p>
   </div>
   <div class='ocr_carea' id='block_1_3' title="bbox 61 422 818 2805">
    <p class='ocr_par' dir='ltr' id='par_1_3' title="bbox 63 422 818 1314">
     <span class='ocr_line' id='line_1_4' title="bbox 66 422 742 552; baseline 0.012 -18"><span class='ocrx_word' id='word_1_20' title='bbox 66 422 247 550; x_wconf 38' lang='lat' dir='ltr'><strong>pipp-puppas:</strong></span> <span class='ocrx_word' id='word_1_21' title='bbox 257 431 444 536; x_wconf 58' lang='lat' dir='ltr'><strong>lletddddeflddddlds</strong></span> <span class='ocrx_word' id='word_1_22' title='bbox 457 469 523 552; x_wconf 80' lang='lat' dir='ltr'><strong>turpe</strong></span> <span class='ocrx_word' id='word_1_23' title='bbox 533 506 583 538; x_wconf 87' lang='lat' dir='ltr'><strong>esse</strong></span> <span class='ocrx_word' id='word_1_24' title='bbox 593 492 664 540; x_wconf 85' lang='lat' dir='ltr'><strong>aiebat</strong></span> <span class='ocrx_word' id='word_1_25' title='bbox 678 493 702 540; x_wconf 91' lang='lat' dir='ltr'><strong>in</strong></span> <span class='ocrx_word' id='word_1_26' title='bbox 716 509 742 542; x_wconf 84' lang='lat' dir='ltr'><strong>rs</strong></span> 
     </span>
     <span class='ocr_line' id='line_1_5' title="bbox 66 551 743 618; baseline 0.012 -20"><span class='ocrx_word' id='word_1_27' title='bbox 66 551 161 598; x_wconf 84' lang='lat' dir='ltr'><strong>militari</strong></span> <span class='ocrx_word' id='word_1_28' title='bbox 172 551 253 606; x_wconf 82' lang='lat' dir='ltr'><strong>dicere,</strong></span> <span class='ocrx_word' id='word_1_29' title='bbox 271 552 351 600; x_wconf 86' lang='lat' dir='ltr'><strong>“Non</strong></span> <span class='ocrx_word' id='word_1_30' title='bbox 362 552 463 616; x_wconf 78' lang='lat' dir='ltr'><strong>putiram</strong></span> <span class='ocrx_word' id='word_1_31' title='bbox 472 553 497 600; x_wconf 87' lang='lat'><strong>:”</strong></span> <span class='ocrx_word' id='word_1_32' title='bbox 516 555 618 604; x_wconf 83' lang='lat' dir='ltr'><strong>videlieet</strong></span> <span class='ocrx_word' id='word_1_33' title='bbox 628 558 686 618; x_wconf 82' lang='lat' dir='ltr'><strong>quis,</strong></span> <span class='ocrx_word' id='word_1_34' title='bbox 700 573 743 605; x_wconf 86' lang='lat' dir='ltr'><strong>ex-</strong></span> 
     </span>
     <span class='ocr_line' id='line_1_6' title="bbox 64 616 742 683; baseline 0.012 -21"><span class='ocrx_word' id='word_1_35' title='bbox 64 616 158 678; x_wconf 86' lang='lat' dir='ltr'><strong>plorato</strong></span> <span class='ocrx_word' id='word_1_36' title='bbox 169 623 193 662; x_wconf 80' lang='lat' dir='ltr'><strong>et</strong></span> <span class='ocrx_word' id='word_1_37' title='bbox 203 631 298 664; x_wconf 67' lang='lat' dir='ltr'><strong>musso</strong></span> <span class='ocrx_word' id='word_1_38' title='bbox 309 619 408 672; x_wconf 88' lang='lat' dir='ltr'><strong>oonsilio,</strong></span> <span class='ocrx_word' id='word_1_39' title='bbox 421 635 471 680; x_wconf 81' lang='lat' dir='ltr'><strong>quae</strong></span> <span class='ocrx_word' id='word_1_40' title='bbox 483 619 543 667; x_wconf 80' lang='lat' dir='ltr'><strong>ferro</strong></span> <span class='ocrx_word' id='word_1_41' title='bbox 553 629 658 683; x_wconf 73' lang='lat' dir='ltr'><strong>agumus,</strong></span> <span class='ocrx_word' id='word_1_42' title='bbox 671 623 742 670; x_wconf 79' lang='lat' dir='ltr'><strong>adrni-</strong></span> 
     </span>
     <span class='ocr_line' id='line_1_7' title="bbox 65 679 741 743; baseline 0.01 -15"><span class='ocrx_word' id='word_1_43' title='bbox 65 679 161 728; x_wconf 85' lang='lat' dir='ltr'><strong>nistrari</strong></span> <span class='ocrx_word' id='word_1_44' title='bbox 179 688 282 743; x_wconf 79' lang='lat' dir='ltr'><strong>oportere</strong></span> <span class='ocrx_word' id='word_1_45' title='bbox 295 684 440 730; x_wconf 85' lang='lat' dir='ltr'><strong>arbitrabatur</strong></span> <span class='ocrx_word' id='word_1_46' title='bbox 454 683 541 732; x_wconf 76' lang='lat' dir='ltr'><strong>summit</strong></span> <span class='ocrx_word' id='word_1_47' title='bbox 558 687 651 733; x_wconf 81' lang='lat' dir='ltr'><strong>ratione.</strong></span> <span class='ocrx_word' id='word_1_48' title='bbox 686 687 741 735; x_wconf 88' lang='lat' dir='ltr'><strong>Ine·</strong></span> 
     </span>
     <span class='ocr_line' id='line_1_8' title="bbox 64 746 742 810; baseline 0.007 -16"><span class='ocrx_word' id='word_1_49' title='bbox 64 746 201 794; x_wconf 83' lang='lat' dir='ltr'><strong>mendabilis</strong></span> <span class='ocrx_word' id='word_1_50' title='bbox 211 748 271 793; x_wconf 89' lang='lat' dir='ltr'><strong>enirn</strong></span> <span class='ocrx_word' id='word_1_51' title='bbox 281 755 316 794; x_wconf 83' lang='lat' dir='ltr'><strong>est</strong></span> <span class='ocrx_word' id='word_1_52' title='bbox 326 763 395 803; x_wconf 88' lang='lat' dir='ltr'><strong>error,</strong></span> <span class='ocrx_word' id='word_1_53' title='bbox 407 749 445 810; x_wconf 88' lang='lat' dir='ltr'><strong>qui</strong></span> <span class='ocrx_word' id='word_1_54' title='bbox 455 749 568 796; x_wconf 82' lang='lat' dir='ltr'><strong>violentiae</strong></span> <span class='ocrx_word' id='word_1_55' title='bbox 579 751 662 798; x_wconf 84' lang='lat' dir='ltr'><strong>Martis</strong></span> <span class='ocrx_word' id='word_1_56' title='bbox 678 768 742 800; x_wconf 86' lang='lat' dir='ltr'><strong>conr·</strong></span> 
     </span>
     <span class='ocr_line' id='line_1_9' title="bbox 65 809 741 880; baseline 0.01 -22"><span class='ocrx_word' id='word_1_57' title='bbox 65 811 174 858; x_wconf 82' lang='lat' dir='ltr'><strong>mittitur.</strong></span> <span class='ocrx_word' id='word_1_58' title='bbox 202 809 267 858; x_wconf 89' lang='lat' dir='ltr'><strong>Idem</strong></span> <span class='ocrx_word' id='word_1_59' title='bbox 282 814 384 876; x_wconf 79' lang='lat' dir='ltr'><strong>negabat,</strong></span> <span class='ocrx_word' id='word_1_60' title='bbox 401 815 489 860; x_wconf 84' lang='lat' dir='ltr'><strong>“aliter</strong></span> <span class='ocrx_word' id='word_1_61' title='bbox 502 829 553 872; x_wconf 75' lang='lat' dir='ltr'><strong>epm</strong></span> <span class='ocrx_word' id='word_1_62' title='bbox 568 816 633 862; x_wconf 89' lang='lat' dir='ltr'><strong>hoste</strong></span> <span class='ocrx_word' id='word_1_63' title='bbox 647 817 741 880; x_wconf 76' lang='lat' dir='ltr'><strong>confligi</strong></span> 
     </span>
     <span class='ocr_line' id='line_1_10' title="bbox 64 875 741 936; baseline 0.01 -14"><span class='ocrx_word' id='word_1_64' title='bbox 64 875 158 929; x_wconf 82' lang='lat' dir='ltr'><strong>debers,</strong></span> <span class='ocrx_word' id='word_1_65' title='bbox 170 891 238 936; x_wconf 82' lang='lat' dir='ltr'><strong>qutun</strong></span> <span class='ocrx_word' id='word_1_66' title='bbox 249 877 267 923; x_wconf 89' lang='lat' dir='ltr'><strong>si</strong></span> <span class='ocrx_word' id='word_1_67' title='bbox 282 885 321 924; x_wconf 84' lang='lat' dir='ltr'><strong>aut</strong></span> <span class='ocrx_word' id='word_1_68' title='bbox 330 878 418 926; x_wconf 81' lang='lat' dir='ltr'><strong>oeensio</strong></span> <span class='ocrx_word' id='word_1_69' title='bbox 426 879 561 934; x_wconf 78' lang='lat' dir='ltr'><strong>obvenisset,</strong></span> <span class='ocrx_word' id='word_1_70' title='bbox 570 887 609 926; x_wconf 88' lang='lat' dir='ltr'><strong>aut</strong></span> <span class='ocrx_word' id='word_1_71' title='bbox 620 882 741 929; x_wconf 69' lang='lat' dir='ltr'><strong>nenessitas</strong></span> 
     </span>
     <span class='ocr_line' id='line_1_11' title="bbox 64 939 741 1008; baseline 0.007 -22"><span class='ocrx_word' id='word_1_72' title='bbox 64 939 217 997; x_wconf 79' lang='lat' dir='ltr'><strong>incidisset;”</strong></span> <span class='ocrx_word' id='word_1_73' title='bbox 234 957 299 1002; x_wconf 77' lang='lat' dir='ltr'><strong>aeque</strong></span> <span class='ocrx_word' id='word_1_74' title='bbox 314 943 441 1005; x_wconf 86' lang='lat' dir='ltr'><strong>prudenter.</strong></span> <span class='ocrx_word' id='word_1_75' title='bbox 467 943 529 990; x_wconf 84' lang='lat' dir='ltr'><strong>Nam</strong></span> <span class='ocrx_word' id='word_1_76' title='bbox 545 951 568 990; x_wconf 89' lang='lat' dir='ltr'><strong>et</strong></span> <span class='ocrx_word' id='word_1_77' title='bbox 581 959 687 1006; x_wconf 82' lang='lat' dir='ltr'><strong>prospere</strong></span> <span class='ocrx_word' id='word_1_78' title='bbox 698 961 741 1008; x_wconf 83' lang='lat' dir='ltr'><strong>gs-</strong></span> 
     </span>
     <span class='ocr_line' id='line_1_12' title="bbox 64 1005 739 1068; baseline 0.009 -17"><span class='ocrx_word' id='word_1_79' title='bbox 64 1006 147 1052; x_wconf 82' lang='lat' dir='ltr'><strong>rendre</strong></span> <span class='ocrx_word' id='word_1_80' title='bbox 157 1006 189 1052; x_wconf 89' lang='lat' dir='ltr'><strong>rei</strong></span> <span class='ocrx_word' id='word_1_81' title='bbox 199 1005 327 1054; x_wconf 75' lang='lat' dir='ltr'><strong>facultatem</strong></span> <span class='ocrx_word' id='word_1_82' title='bbox 338 1009 448 1062; x_wconf 85' lang='lat' dir='ltr'><strong>omittere,</strong></span> <span class='ocrx_word' id='word_1_83' title='bbox 460 1008 558 1054; x_wconf 83' lang='lat' dir='ltr'><strong>maxima</strong></span> <span class='ocrx_word' id='word_1_84' title='bbox 568 1008 680 1056; x_wconf 86' lang='lat' dir='ltr'><strong>dementia</strong></span> <span class='ocrx_word' id='word_1_85' title='bbox 690 1017 739 1068; x_wconf 65' lang='grc' dir='ltr'><strong>ειη</strong></span> 
     </span>
     <span class='ocr_line' id='line_1_13' title="bbox 63 1071 741 1134; baseline 0.003 -16"><span class='ocrx_word' id='word_1_86' title='bbox 63 1078 89 1118; x_wconf 86' lang='lat' dir='ltr'><strong>et</strong></span> <span class='ocrx_word' id='word_1_87' title='bbox 101 1071 126 1116; x_wconf 90' lang='lat' dir='ltr'><strong>in</strong></span> <span class='ocrx_word' id='word_1_88' title='bbox 138 1071 254 1132; x_wconf 81' lang='lat' dir='ltr'><strong>angustias</strong></span> <span class='ocrx_word' id='word_1_89' title='bbox 265 1073 341 1134; x_wconf 90' lang='lat' dir='ltr'><strong>utique</strong></span> <span class='ocrx_word' id='word_1_90' title='bbox 351 1073 465 1134; x_wconf 84' lang='lat' dir='ltr'><strong>pugnandi</strong></span> <span class='ocrx_word' id='word_1_91' title='bbox 479 1073 619 1133; x_wconf 82' lang='lat' dir='ltr'><strong>compulsum</strong></span> <span class='ocrx_word' id='word_1_92' title='bbox 631 1074 741 1122; x_wconf 83' lang='lat' dir='ltr'><strong>abstinere</strong></span> 
     </span>
     <span class='ocr_line' id='line_1_14' title="bbox 65 1136 741 1200; baseline 0.001 -16"><span class='ocrx_word' id='word_1_93' title='bbox 65 1151 92 1184; x_wconf 84' lang='lat' dir='ltr'><strong>se</strong></span> <span class='ocrx_word' id='word_1_94' title='bbox 107 1136 197 1198; x_wconf 67' lang='lat' dir='ltr'><strong>praelio,</strong></span> <span class='ocrx_word' id='word_1_95' title='bbox 208 1136 338 1198; x_wconf 84' lang='lat' dir='ltr'><strong>pestiferum</strong></span> <span class='ocrx_word' id='word_1_96' title='bbox 348 1137 446 1200; x_wconf 70' lang='lat' dir='ltr'><strong>ignavia</strong></span> <span class='ocrx_word' id='word_1_97' title='bbox 456 1136 521 1184; x_wconf 84' lang='lat' dir='ltr'><strong>affert</strong></span> <span class='ocrx_word' id='word_1_98' title='bbox 532 1137 631 1183; x_wconf 83' lang='lat' dir='ltr'><strong>exitum:</strong></span> <span class='ocrx_word' id='word_1_99' title='bbox 650 1153 741 1185; x_wconf 89' lang='lat' dir='ltr'><strong>eorum·</strong></span> 
     </span>
     <span class='ocr_line' id='line_1_15' title="bbox 63 1199 818 1314; baseline 0.007 -68"><span class='ocrx_word' id='word_1_100' title='bbox 63 1216 112 1314; x_wconf 59' lang='lat' dir='ltr'><strong>pp:</strong></span> <span class='ocrx_word' id='word_1_101' title='bbox 123 1200 217 1278; x_wconf 44' lang='lat' dir='ltr'><strong>{⁰5}ss</strong></span> <span class='ocrx_word' id='word_1_102' title='bbox 226 1203 377 1313; x_wconf 59' lang='lat' dir='ltr'><strong>oomrptittunt,</strong></span> <span class='ocrx_word' id='word_1_103' title='bbox 389 1203 445 1250; x_wconf 83' lang='lat' dir='ltr'><strong>alter</strong></span> <span class='ocrx_word' id='word_1_104' title='bbox 454 1200 561 1248; x_wconf 83' lang='lat' dir='ltr'><strong>beneficio</strong></span> <span class='ocrx_word' id='word_1_105' title='bbox 574 1199 683 1250; x_wconf 75' lang='lat' dir='ltr'><strong>Fortunae</strong></span> <span class='ocrx_word' id='word_1_106' title='bbox 698 1204 739 1260; x_wconf 77' lang='lat' dir='ltr'><strong>uti,</strong></span> <span class='ocrx_word' id='word_1_107' title='bbox 814 1205 818 1213; x_wconf 91' lang='lat'><em>&#39;</em></span> 
     </span>
     <span class='ocr_line' id='line_1_16' title="bbox 113 1279 587 1314; baseline 0 -2"><span class='ocrx_word' id='word_1_108' title='bbox 113 1280 159 1312; x_wconf 88' lang='lat' dir='ltr'><strong>rm</strong></span> <span class='ocrx_word' id='word_1_109' title='bbox 185 1281 223 1312; x_wconf 83' lang='lat' dir='ltr'><strong>rue</strong></span> <span class='ocrx_word' id='word_1_110' title='bbox 234 1281 295 1314; x_wconf 87' lang='lat' dir='ltr'><strong>neser</strong></span> <span class='ocrx_word' id='word_1_111' title='bbox 316 1279 426 1313; x_wconf 75' lang='lat' dir='ltr'><strong>resistere.</strong></span> <span class='ocrx_word' id='word_1_112' title='bbox 582 1280 587 1290; x_wconf 79' lang='grc'><strong><em>’</em></strong></span> 
     </span>
    </p>

    <p class='ocr_par' dir='ltr' id='par_1_4' title="bbox 61 1281 808 2030">
     <span class='ocr_line' id='line_1_17' title="bbox 101 1281 740 1394; baseline 0.006 -18"><span class='ocrx_word' id='word_1_113' title='bbox 101 1281 196 1394; x_wconf 51' lang='grc' dir='ltr'><strong>(3.)“ῙὲὶΙ</strong></span> <span class='ocrx_word' id='word_1_114' title='bbox 205 1346 294 1391; x_wconf 87' lang='lat' dir='ltr'><strong>quoque</strong></span> <span class='ocrx_word' id='word_1_115' title='bbox 302 1331 391 1378; x_wconf 84' lang='lat' dir='ltr'><strong>Metelli</strong></span> <span class='ocrx_word' id='word_1_116' title='bbox 399 1346 451 1377; x_wconf 88' lang='lat' dir='ltr'><strong>eum</strong></span> <span class='ocrx_word' id='word_1_117' title='bbox 461 1329 544 1392; x_wconf 80' lang='lat' dir='ltr'><strong>gravis,</strong></span> <span class='ocrx_word' id='word_1_118' title='bbox 557 1338 605 1377; x_wconf 89' lang='lat' dir='ltr'><strong>tum</strong></span> <span class='ocrx_word' id='word_1_119' title='bbox 617 1331 683 1378; x_wconf 84' lang='lat' dir='ltr'><strong>etism</strong></span> <span class='ocrx_word' id='word_1_120' title='bbox 694 1332 740 1380; x_wconf 83' lang='lat' dir='ltr'><strong>alta</strong></span> 
     </span>
     <span class='ocr_line' id='line_1_18' title="bbox 63 1393 808 1458; baseline 0.001 -15"><span class='ocrx_word' id='word_1_121' title='bbox 63 1396 90 1443; x_wconf 92' lang='lat' dir='ltr'><strong>in</strong></span> <span class='ocrx_word' id='word_1_122' title='bbox 102 1402 184 1442; x_wconf 83' lang='lat' dir='ltr'><strong>senatu</strong></span> <span class='ocrx_word' id='word_1_123' title='bbox 195 1397 318 1452; x_wconf 86' lang='lat' dir='ltr'><strong>sententia;</strong></span> <span class='ocrx_word' id='word_1_124' title='bbox 335 1396 381 1456; x_wconf 83' lang='lat' dir='ltr'><strong>qui,</strong></span> <span class='ocrx_word' id='word_1_125' title='bbox 399 1393 488 1442; x_wconf 75' lang='lat' dir='ltr'><strong>devicti</strong></span> <span class='ocrx_word' id='word_1_126' title='bbox 496 1394 641 1458; x_wconf 71' lang='lat' dir='ltr'><strong>Carthagine,</strong></span> <span class='ocrx_word' id='word_1_127' title='bbox 653 1397 740 1444; x_wconf 85' lang='lat' dir='ltr'><strong>nescire</strong></span> <span class='ocrx_word' id='word_1_128' title='bbox 807 1395 808 1402; x_wconf 71' lang='grc'>’</span> 
     </span>
     <span class='ocr_line' id='line_1_19' title="bbox 64 1459 739 1524; baseline 0.003 -17"><span class='ocrx_word' id='word_1_129' title='bbox 64 1477 99 1514; x_wconf 84' lang='lat' dir='ltr'><strong>se,</strong></span> <span class='ocrx_word' id='word_1_130' title='bbox 116 1460 156 1507; x_wconf 82' lang='lat' dir='ltr'><strong>illa</strong></span> <span class='ocrx_word' id='word_1_131' title='bbox 170 1459 264 1508; x_wconf 82' lang='lat' dir='ltr'><strong>victoria</strong></span> <span class='ocrx_word' id='word_1_132' title='bbox 277 1461 360 1508; x_wconf 90' lang='lat' dir='ltr'><strong>bonine</strong></span> <span class='ocrx_word' id='word_1_133' title='bbox 374 1461 425 1522; x_wconf 91' lang='lat' dir='ltr'><strong>plus</strong></span> <span class='ocrx_word' id='word_1_134' title='bbox 439 1475 468 1507; x_wconf 87' lang='lat' dir='ltr'><strong>an</strong></span> <span class='ocrx_word' id='word_1_135' title='bbox 479 1461 532 1508; x_wconf 88' lang='lat' dir='ltr'><strong>mali</strong></span> <span class='ocrx_word' id='word_1_136' title='bbox 542 1462 668 1524; x_wconf 84' lang='lat' dir='ltr'><strong>reipublieae</strong></span> <span class='ocrx_word' id='word_1_137' title='bbox 678 1469 739 1509; x_wconf 62' lang='lat' dir='ltr'><strong>attus</strong></span> 
     </span>
     <span class='ocr_line' id='line_1_20' title="bbox 62 1526 739 1588; baseline 0.001 -14"><span class='ocrx_word' id='word_1_138' title='bbox 62 1527 137 1580; x_wconf 77' lang='lat' dir='ltr'><strong>iisset,</strong></span> <span class='ocrx_word' id='word_1_139' title='bbox 155 1526 303 1583; x_wconf 77' lang='lat' dir='ltr'><strong>asseveravit3</strong></span> <span class='ocrx_word' id='word_1_140' title='bbox 324 1527 436 1586; x_wconf 75' lang='lat' dir='ltr'><strong>quoniam,</strong></span> <span class='ocrx_word' id='word_1_141' title='bbox 456 1533 482 1573; x_wconf 91' lang='lat' dir='ltr'><strong>ut</strong></span> <span class='ocrx_word' id='word_1_142' title='bbox 502 1541 580 1588; x_wconf 84' lang='lat' dir='ltr'><strong>paoem</strong></span> <span class='ocrx_word' id='word_1_143' title='bbox 602 1528 739 1575; x_wconf 81' lang='lat' dir='ltr'><strong>restituendo</strong></span> 
     </span>
     <span class='ocr_line' id='line_1_21' title="bbox 63 1589 739 1654; baseline 0.003 -17"><span class='ocrx_word' id='word_1_144' title='bbox 63 1590 195 1654; x_wconf 77' lang='lat' dir='ltr'><strong>profuisset,</strong></span> <span class='ocrx_word' id='word_1_145' title='bbox 205 1591 243 1645; x_wconf 83' lang='lat' dir='ltr'><strong>ita,</strong></span> <span class='ocrx_word' id='word_1_146' title='bbox 254 1589 404 1638; x_wconf 87' lang='lat' dir='ltr'><strong>Hannibalem</strong></span> <span class='ocrx_word' id='word_1_147' title='bbox 413 1591 572 1646; x_wconf 86' lang='lat' dir='ltr'><strong>submovendo,</strong></span> <span class='ocrx_word' id='word_1_148' title='bbox 585 1593 687 1638; x_wconf 86' lang='lat' dir='ltr'><strong>nonnihil</strong></span> <span class='ocrx_word' id='word_1_149' title='bbox 696 1608 739 1640; x_wconf 90' lang='lat' dir='ltr'><strong>no·</strong></span> 
     </span>
     <span class='ocr_line' id='line_1_22' title="bbox 64 1655 738 1717; baseline 0.003 -14"><span class='ocrx_word' id='word_1_150' title='bbox 64 1656 158 1704; x_wconf 80' lang='lat' dir='ltr'><strong>suisset·</strong></span> <span class='ocrx_word' id='word_1_151' title='bbox 188 1655 247 1717; x_wconf 84' lang='lat' dir='ltr'><strong>Ejus</strong></span> <span class='ocrx_word' id='word_1_152' title='bbox 257 1655 317 1702; x_wconf 88' lang='lat' dir='ltr'><strong>enim</strong></span> <span class='ocrx_word' id='word_1_153' title='bbox 330 1657 425 1703; x_wconf 87' lang='lat' dir='ltr'><strong>transitu</strong></span> <span class='ocrx_word' id='word_1_154' title='bbox 439 1657 464 1702; x_wconf 92' lang='lat' dir='ltr'><strong>in</strong></span> <span class='ocrx_word' id='word_1_155' title='bbox 478 1655 574 1711; x_wconf 85' lang='lat' dir='ltr'><strong>Italiam,</strong></span> <span class='ocrx_word' id='word_1_156' title='bbox 590 1656 738 1705; x_wconf 85' lang='lat' dir='ltr'><strong>dormientem</strong></span> 
     </span>
     <span class='ocr_line' id='line_1_23' title="bbox 63 1849 738 1912; baseline -0.004 -12"><span class='ocrx_word' id='word_1_157' title='bbox 63 1851 227 1900; x_wconf 84' lang='lat' dir='ltr'><strong>revolveretur.</strong></span> <span class='ocrx_word' id='word_1_158' title='bbox 255 1849 283 1897; x_wconf 91' lang='lat' dir='ltr'><strong>In</strong></span> <span class='ocrx_word' id='word_1_159' title='bbox 303 1865 368 1911; x_wconf 82' lang='lat' dir='ltr'><strong>aequo</strong></span> <span class='ocrx_word' id='word_1_160' title='bbox 387 1850 457 1912; x_wconf 80' lang='lat' dir='ltr'><strong>igitur</strong></span> <span class='ocrx_word' id='word_1_161' title='bbox 475 1849 585 1894; x_wconf 82' lang='lat' dir='ltr'><strong>malorum</strong></span> <span class='ocrx_word' id='word_1_162' title='bbox 603 1851 685 1910; x_wconf 87' lang='lat' dir='ltr'><strong>posuit,</strong></span> <span class='ocrx_word' id='word_1_163' title='bbox 703 1851 738 1897; x_wconf 90' lang='lat' dir='ltr'><strong>uri</strong></span> 
     </span>
     <span class='ocr_line' id='line_1_24' title="bbox 64 1913 738 1977; baseline -0.003 -14"><span class='ocrx_word' id='word_1_164' title='bbox 64 1925 135 1970; x_wconf 80' lang='lat' dir='ltr'><strong>tecta,</strong></span> <span class='ocrx_word' id='word_1_165' title='bbox 150 1915 232 1962; x_wconf 78' lang='lat' dir='ltr'><strong>vastari</strong></span> <span class='ocrx_word' id='word_1_166' title='bbox 245 1930 319 1977; x_wconf 77' lang='lat' dir='ltr'><strong>agros,</strong></span> <span class='ocrx_word' id='word_1_167' title='bbox 332 1913 443 1962; x_wconf 76' lang='lat' dir='ltr'><strong>exhauriri</strong></span> <span class='ocrx_word' id='word_1_168' title='bbox 453 1913 572 1970; x_wconf 70' lang='lat' dir='ltr'><strong>serarium</strong></span> <span class='ocrx_word' id='word_1_169' title='bbox 589 1921 613 1959; x_wconf 92' lang='lat' dir='ltr'><strong>et</strong></span> <span class='ocrx_word' id='word_1_170' title='bbox 622 1914 689 1976; x_wconf 77' lang='lat' dir='ltr'><strong>prisci</strong></span> <span class='ocrx_word' id='word_1_171' title='bbox 700 1929 738 1961; x_wconf 91' lang='lat' dir='ltr'><strong>ro·</strong></span> 
     </span>
     <span class='ocr_line' id='line_1_25' title="bbox 61 1980 334 2030; baseline -0.015 0"><span class='ocrx_word' id='word_1_172' title='bbox 61 1982 127 2030; x_wconf 80' lang='lat' dir='ltr'><strong>noris</strong></span> <span class='ocrx_word' id='word_1_173' title='bbox 138 1994 219 2026; x_wconf 86' lang='lat' dir='ltr'><strong>nervos</strong></span> <span class='ocrx_word' id='word_1_174' title='bbox 229 1980 334 2027; x_wconf 85' lang='lat' dir='ltr'><strong>hebetari.</strong></span> 
     </span>
    </p>

    <p class='ocr_par' dir='ltr' id='par_1_5' title="bbox 63 2039 738 2554">
     <span class='ocr_line' id='line_1_26' title="bbox 101 2039 738 2111; baseline -0.011 -20"><span class='ocrx_word' id='word_1_175' title='bbox 101 2042 150 2111; x_wconf 79' lang='lat'>(4.)</span> <span class='ocrx_word' id='word_1_176' title='bbox 169 2044 247 2100; x_wconf 80' lang='lat' dir='ltr'><strong>Quid?</strong></span> <span class='ocrx_word' id='word_1_177' title='bbox 270 2045 326 2092; x_wconf 89' lang='lat' dir='ltr'><strong>illud</strong></span> <span class='ocrx_word' id='word_1_178' title='bbox 338 2043 423 2091; x_wconf 58' lang='lat' dir='ltr'><strong>mum</strong></span> <span class='ocrx_word' id='word_1_179' title='bbox 438 2042 520 2090; x_wconf 82' lang='lat' dir='ltr'><strong>Licinii</strong></span> <span class='ocrx_word' id='word_1_180' title='bbox 533 2039 639 2090; x_wconf 75' lang='lat' dir='ltr'><strong>Fimbriae</strong></span> <span class='ocrx_word' id='word_1_181' title='bbox 654 2057 738 2090; x_wconf 85' lang='lat' dir='ltr'><strong>consu.</strong></span> 
     </span>
     <span class='ocr_line' id='line_1_27' title="bbox 63 2105 737 2172; baseline -0.003 -15"><span class='ocrx_word' id='word_1_182' title='bbox 63 2112 127 2164; x_wconf 79' lang='lat' dir='ltr'><strong>iaris,</strong></span> <span class='ocrx_word' id='word_1_183' title='bbox 139 2125 205 2171; x_wconf 83' lang='lat' dir='ltr'><strong>quarn</strong></span> <span class='ocrx_word' id='word_1_184' title='bbox 214 2109 315 2172; x_wconf 85' lang='lat' dir='ltr'><strong>sapiens!</strong></span> <span class='ocrx_word' id='word_1_185' title='bbox 333 2110 357 2157; x_wconf 82' lang='lat' dir='ltr'><strong>A</strong></span> <span class='ocrx_word' id='word_1_186' title='bbox 368 2109 405 2156; x_wconf 89' lang='grc' dir='ltr'><strong>Μ.</strong></span> <span class='ocrx_word' id='word_1_187' title='bbox 416 2108 510 2156; x_wconf 80' lang='lat' dir='ltr'><strong>Lutatio</strong></span> <span class='ocrx_word' id='word_1_188' title='bbox 518 2105 608 2168; x_wconf 74' lang='lat' dir='ltr'><strong>Pythii,</strong></span> <span class='ocrx_word' id='word_1_189' title='bbox 621 2108 737 2169; x_wconf 84' lang='lat' dir='ltr'><strong>splendido</strong></span> 
     </span>
     <span class='ocr_line' id='line_1_28' title="bbox 65 2172 736 2238; baseline -0.009 -14"><span class='ocrx_word' id='word_1_190' title='bbox 65 2176 143 2238; x_wconf 79' lang='lat' dir='ltr'><strong>equite</strong></span> <span class='ocrx_word' id='word_1_191' title='bbox 152 2174 266 2228; x_wconf 80' lang='lat' dir='ltr'><strong>Romano,</strong></span> <span class='ocrx_word' id='word_1_192' title='bbox 278 2174 350 2238; x_wconf 76' lang='lat' dir='ltr'><strong>Judex</strong></span> <span class='ocrx_word' id='word_1_193' title='bbox 365 2174 438 2222; x_wconf 86' lang='lat' dir='ltr'><strong>aditus</strong></span> <span class='ocrx_word' id='word_1_194' title='bbox 453 2174 480 2220; x_wconf 90' lang='lat' dir='ltr'><strong>de</strong></span> <span class='ocrx_word' id='word_1_195' title='bbox 495 2172 621 2235; x_wconf 73' lang='lat' dir='ltr'><strong>sponsione,</strong></span> <span class='ocrx_word' id='word_1_196' title='bbox 638 2173 736 2232; x_wconf 76' lang='lat' dir='ltr'><strong>quantis</strong></span> 
     </span>
     <span class='ocr_line' id='line_1_29' title="bbox 65 2235 736 2302; baseline -0.006 -14"><span class='ocrx_word' id='word_1_197' title='bbox 65 2257 120 2292; x_wconf 76' lang='lat' dir='ltr'><strong>oum</strong></span> <span class='ocrx_word' id='word_1_198' title='bbox 139 2240 272 2293; x_wconf 80' lang='lat' dir='ltr'><strong>adversario,</strong></span> <span class='ocrx_word' id='word_1_199' title='bbox 296 2247 312 2270; x_wconf 80' lang='lat'><strong>‘⁴</strong></span> <span class='ocrx_word' id='word_1_200' title='bbox 323 2239 383 2302; x_wconf 92' lang='lat' dir='ltr'><strong>quod</strong></span> <span class='ocrx_word' id='word_1_201' title='bbox 400 2239 525 2286; x_wconf 83' lang='lat' dir='ltr'><strong>virbonus</strong></span> <span class='ocrx_word' id='word_1_202' title='bbox 543 2235 628 2290; x_wconf 82' lang='lat' dir='ltr'><strong>esset.”</strong></span> <span class='ocrx_word' id='word_1_203' title='bbox 644 2236 736 2291; x_wconf 76' lang='lat' dir='ltr'><strong>feceret,</strong></span> 
     </span>
     <span class='ocr_line' id='line_1_30' title="bbox 65 2299 736 2368; baseline -0.006 -17"><span class='ocrx_word' id='word_1_204' title='bbox 65 2319 181 2368; x_wconf 72' lang='lat' dir='ltr'><strong>numquam</strong></span> <span class='ocrx_word' id='word_1_205' title='bbox 190 2305 213 2351; x_wconf 92' lang='lat' dir='ltr'><strong>id</strong></span> <span class='ocrx_word' id='word_1_206' title='bbox 218 2305 327 2367; x_wconf 85' lang='lat' dir='ltr'><strong>judicium</strong></span> <span class='ocrx_word' id='word_1_207' title='bbox 338 2304 520 2367; x_wconf 85' lang='lat' dir='ltr'><strong>pronuntiatione</strong></span> <span class='ocrx_word' id='word_1_208' title='bbox 531 2299 571 2349; x_wconf 78' lang='lat' dir='ltr'><strong>sud</strong></span> <span class='ocrx_word' id='word_1_209' title='bbox 580 2301 645 2348; x_wconf 83' lang='lat' dir='ltr'><strong>finire</strong></span> <span class='ocrx_word' id='word_1_210' title='bbox 653 2301 736 2360; x_wconf 89' lang='lat' dir='ltr'><strong>voluit;</strong></span> 
     </span>
     <span class='ocr_line' id='line_1_31' title="bbox 67 2364 736 2435; baseline -0.009 -15"><span class='ocrx_word' id='word_1_211' title='bbox 67 2388 98 2420; x_wconf 87' lang='lat' dir='ltr'><strong>ne</strong></span> <span class='ocrx_word' id='word_1_212' title='bbox 115 2377 155 2418; x_wconf 86' lang='lat' dir='ltr'><strong>sut</strong></span> <span class='ocrx_word' id='word_1_213' title='bbox 172 2371 289 2431; x_wconf 82' lang='lat' dir='ltr'><strong>probatum</strong></span> <span class='ocrx_word' id='word_1_214' title='bbox 307 2369 388 2424; x_wconf 87' lang='lat' dir='ltr'><strong>virum,</strong></span> <span class='ocrx_word' id='word_1_215' title='bbox 410 2369 429 2416; x_wconf 86' lang='lat' dir='ltr'><strong>si</strong></span> <span class='ocrx_word' id='word_1_216' title='bbox 448 2376 526 2415; x_wconf 87' lang='lat' dir='ltr'><strong>eontra</strong></span> <span class='ocrx_word' id='word_1_217' title='bbox 540 2383 593 2414; x_wconf 85' lang='lat' dir='ltr'><strong>eum</strong></span> <span class='ocrx_word' id='word_1_218' title='bbox 606 2364 736 2435; x_wconf 72' lang='lat' dir='ltr'><strong>Judiedsset,</strong></span> 
     </span>
     <span class='ocr_line' id='line_1_32' title="bbox 67 2434 736 2498; baseline -0.012 -12"><span class='ocrx_word' id='word_1_219' title='bbox 67 2435 128 2486; x_wconf 69' lang='lat' dir='ltr'><strong>tamt</strong></span> <span class='ocrx_word' id='word_1_220' title='bbox 141 2435 252 2497; x_wconf 77' lang='lat' dir='ltr'><strong>spoliaret,</strong></span> <span class='ocrx_word' id='word_1_221' title='bbox 268 2442 307 2482; x_wconf 89' lang='lat' dir='ltr'><strong>aut</strong></span> <span class='ocrx_word' id='word_1_222' title='bbox 316 2436 404 2498; x_wconf 85' lang='lat' dir='ltr'><strong>juraret</strong></span> <span class='ocrx_word' id='word_1_223' title='bbox 417 2434 491 2482; x_wconf 82' lang='lat' dir='ltr'><strong>virum</strong></span> <span class='ocrx_word' id='word_1_224' title='bbox 505 2434 589 2480; x_wconf 90' lang='lat' dir='ltr'><strong>bonum</strong></span> <span class='ocrx_word' id='word_1_225' title='bbox 603 2447 668 2490; x_wconf 79' lang='lat' dir='ltr'><strong>esse3</strong></span> <span class='ocrx_word' id='word_1_226' title='bbox 684 2447 736 2479; x_wconf 86' lang='lat' dir='ltr'><strong>eum</strong></span> 
     </span>
     <span class='ocr_line' id='line_1_33' title="bbox 67 2498 613 2554; baseline -0.007 -7"><span class='ocrx_word' id='word_1_227' title='bbox 67 2519 95 2554; x_wconf 69' lang='lat' dir='ltr'>a</span> <span class='ocrx_word' id='word_1_228' title='bbox 105 2516 140 2548; x_wconf 86' lang='lat' dir='ltr'><strong>res</strong></span> <span class='ocrx_word' id='word_1_229' title='bbox 149 2499 346 2547; x_wconf 72' lang='lat' dir='ltr'><strong>innumerabilibus</strong></span> <span class='ocrx_word' id='word_1_230' title='bbox 355 2499 456 2546; x_wconf 84' lang='lat' dir='ltr'><strong>laudibus</strong></span> <span class='ocrx_word' id='word_1_231' title='bbox 466 2498 613 2545; x_wconf 82' lang='lat' dir='ltr'><strong>contineatur.</strong></span> 
     </span>
    </p>

    <p class='ocr_par' dir='ltr' id='par_1_6' title="bbox 68 2560 751 2759">
     <span class='ocr_line' id='line_1_34' title="bbox 101 2560 751 2630; baseline -0.009 -16"><span class='ocrx_word' id='word_1_232' title='bbox 101 2562 151 2630; x_wconf 78' lang='grc'>(5.)</span> <span class='ocrx_word' id='word_1_233' title='bbox 162 2563 299 2614; x_wconf 76' lang='lat' dir='ltr'><strong>Forensibus</strong></span> <span class='ocrx_word' id='word_1_234' title='bbox 310 2565 367 2618; x_wconf 82' lang='lat' dir='ltr'><strong>haeo,</strong></span> <span class='ocrx_word' id='word_1_235' title='bbox 376 2563 414 2610; x_wconf 80' lang='lat' dir='ltr'><strong>ills</strong></span> <span class='ocrx_word' id='word_1_236' title='bbox 423 2560 554 2610; x_wconf 84' lang='lat' dir='ltr'><strong>militaribus</strong></span> <span class='ocrx_word' id='word_1_237' title='bbox 562 2561 676 2625; x_wconf 87' lang='lat' dir='ltr'><strong>stipendiis</strong></span> <span class='ocrx_word' id='word_1_238' title='bbox 684 2575 737 2624; x_wconf 90' lang='lat' dir='ltr'><strong>pru-</strong></span> <span class='ocrx_word' id='word_1_239' title='bbox 749 2613 751 2622; x_wconf 38' lang='lat'><strong>¹</strong></span> 
     </span>
     <span class='ocr_line' id='line_1_35' title="bbox 68 2625 738 2692; baseline -0.01 -11"><span class='ocrx_word' id='word_1_240' title='bbox 68 2633 142 2682; x_wconf 82' lang='lat' dir='ltr'><strong>dentis</strong></span> <span class='ocrx_word' id='word_1_241' title='bbox 152 2630 257 2678; x_wconf 78' lang='lat' dir='ltr'><strong>exhibita.</strong></span> <span class='ocrx_word' id='word_1_242' title='bbox 288 2629 391 2692; x_wconf 83' lang='lat' dir='ltr'><strong>Papirius</strong></span> <span class='ocrx_word' id='word_1_243' title='bbox 402 2627 488 2678; x_wconf 73' lang='lat' dir='ltr'><strong>Censor</strong></span> <span class='ocrx_word' id='word_1_244' title='bbox 498 2628 585 2681; x_wconf 86' lang='lat' dir='ltr'><strong>consul,</strong></span> <span class='ocrx_word' id='word_1_245' title='bbox 595 2643 654 2681; x_wconf 87' lang='lat' dir='ltr'><strong>oum,</strong></span> <span class='ocrx_word' id='word_1_246' title='bbox 664 2625 738 2688; x_wconf 81' lang='lat' dir='ltr'><strong>Aqui-</strong></span> 
     </span>
     <span class='ocr_line' id='line_1_36' title="bbox 68 2692 738 2759; baseline -0.012 -13"><span class='ocrx_word' id='word_1_247' title='bbox 68 2697 150 2746; x_wconf 81' lang='lat' dir='ltr'><strong>loniam</strong></span> <span class='ocrx_word' id='word_1_248' title='bbox 166 2710 305 2759; x_wconf 71' lang='lat' dir='ltr'><strong>oppugnans,</strong></span> <span class='ocrx_word' id='word_1_249' title='bbox 321 2694 425 2758; x_wconf 85' lang='lat' dir='ltr'><strong>proelium</strong></span> <span class='ocrx_word' id='word_1_250' title='bbox 441 2694 509 2743; x_wconf 83' lang='lat' dir='ltr'><strong>vellet</strong></span> <span class='ocrx_word' id='word_1_251' title='bbox 524 2693 671 2748; x_wconf 78' lang='lat' dir='ltr'><strong>committere.</strong></span> <span class='ocrx_word' id='word_1_252' title='bbox 688 2692 738 2754; x_wconf 91' lang='lat' dir='ltr'><strong>pul·</strong></span> 
     </span>
    </p>

    <p class='ocr_par' dir='ltr' id='par_1_7' title="bbox 468 2763 543 2805">
     <span class='ocr_line' id='line_1_37' title="bbox 468 2763 543 2805; baseline 0 0"><span class='ocrx_word' id='word_1_253' title='bbox 468 2763 510 2805; x_wconf 71' lang='lat' dir='ltr'><strong>sss</strong></span> <span class='ocrx_word' id='word_1_254' title='bbox 528 2764 543 2805; x_wconf 83' lang='grc'>3</span> 
     </span>
    </p>
   </div>
   <div class='ocr_carea' id='block_1_4' title="bbox 0 0 918 2982">
    <p class='ocr_par' dir='ltr' id='par_1_8' title="bbox 0 0 918 2982">
     <span class='ocr_line' id='line_1_38' title="bbox 0 0 918 2982; baseline 0 0"><span class='ocrx_word' id='word_1_255' title='bbox 0 0 918 2982; x_wconf 95' lang='lat' dir='ltr'><strong> </strong></span> 
     </span>
    </p>
   </div>
  </div>
 </body>
</html>
