<?xml version="1.0" encoding="UTF-8"?>
<!DOCTYPE html PUBLIC "-//W3C//DTD XHTML 1.0 Transitional//EN"
    "http://www.w3.org/TR/xhtml1/DTD/xhtml1-transitional.dtd">
<html xmlns="http://www.w3.org/1999/xhtml" xml:lang="en" lang="en">
 <head>
  <title>
</title>
<meta http-equiv="Content-Type" content="text/html;charset=utf-8" />
  <meta name='ocr-system' content='tesseract 3.04.00' />
  <meta name='ocr-capabilities' content='ocr_page ocr_carea ocr_par ocr_line ocrx_word'/>
</head>
<body>
  <div class='ocr_page' id='page_1' title='image "./valeriimaximifa00kappgoog_0142.png"; bbox 0 0 1820 2982; ppageno 0'>
   <div class='ocr_carea' id='block_1_1' title="bbox 152 173 730 232">
    <p class='ocr_par' dir='ltr' id='par_1_1' title="bbox 152 173 730 232">
     <span class='ocr_line' id='line_1_1' title="bbox 152 173 730 232; baseline 0.009 -5"><span class='ocrx_word' id='word_1_1' title='bbox 152 173 231 228; x_wconf 75' lang='lat' dir='ltr'><strong>VAL&#39;</strong></span> <span class='ocrx_word' id='word_1_2' title='bbox 244 175 382 232; x_wconf 71' lang='lat' dir='ltr'><strong>Maxim</strong></span> <span class='ocrx_word' id='word_1_3' title='bbox 398 179 451 230; x_wconf 79' lang='lat' dir='ltr'><strong>Lm.</strong></span> <span class='ocrx_word' id='word_1_4' title='bbox 466 179 515 230; x_wconf 87' lang='lat'>111.</span> <span class='ocrx_word' id='word_1_5' title='bbox 536 181 597 232; x_wconf 82' lang='lat' dir='ltr'><strong>Cae.</strong></span> <span class='ocrx_word' id='word_1_6' title='bbox 614 185 636 230; x_wconf 85' lang='lat'><strong>8.</strong></span> <span class='ocrx_word' id='word_1_7' title='bbox 683 181 730 232; x_wconf 77' lang='lat' dir='ltr'><strong>&#39;tas</strong></span> 
     </span>
    </p>
   </div>
   <div class='ocr_carea' id='block_1_2' title="bbox 95 350 733 503">
    <p class='ocr_par' dir='ltr' id='par_1_2' title="bbox 95 350 733 503">
     <span class='ocr_line' id='line_1_2' title="bbox 333 350 452 400; baseline 0 0"><span class='ocrx_word' id='word_1_8' title='bbox 333 350 452 400; x_wconf 68' lang='lat' dir='ltr'><strong>naemu.</strong></span> 
     </span>
     <span class='ocr_line' id='line_1_3' title="bbox 95 435 733 503; baseline 0.006 -21"><span class='ocrx_word' id='word_1_9' title='bbox 95 435 147 500; x_wconf 89' lang='grc'><strong>(1.)</strong></span> <span class='ocrx_word' id='word_1_10' title='bbox 160 435 284 500; x_wconf 84' lang='lat' dir='ltr'><strong>Complura</strong></span> <span class='ocrx_word' id='word_1_11' title='bbox 293 440 387 503; x_wconf 82' lang='lat' dir='ltr'><strong>hujusce</strong></span> <span class='ocrx_word' id='word_1_12' title='bbox 397 448 458 488; x_wconf 83' lang='lat' dir='ltr'><strong>notae</strong></span> <span class='ocrx_word' id='word_1_13' title='bbox 468 439 573 490; x_wconf 83' lang='lat' dir='ltr'><strong>Romana</strong></span> <span class='ocrx_word' id='word_1_14' title='bbox 582 441 684 502; x_wconf 85' lang='lat' dir='ltr'><strong>exempla</strong></span> <span class='ocrx_word' id='word_1_15' title='bbox 694 453 733 486; x_wconf 91' lang='lat' dir='ltr'><strong>au-</strong></span> 
     </span>
    </p>
   </div>
   <div class='ocr_carea' id='block_1_3' title="bbox 60 503 805 568">
    <p class='ocr_par' dir='ltr' id='par_1_3' title="bbox 60 503 805 568">
     <span class='ocr_line' id='line_1_4' title="bbox 60 503 805 568; baseline -0.008 -14"><span class='ocrx_word' id='word_1_16' title='bbox 60 511 159 564; x_wconf 76' lang='lat' dir='ltr'><strong>pcnut3</strong></span> <span class='ocrx_word' id='word_1_17' title='bbox 171 503 485 554; x_wconf 75' lang='lat' dir='ltr'><strong>sedmdetmmodovitanda</strong></span> <span class='ocrx_word' id='word_1_18' title='bbox 496 515 537 554; x_wconf 88' lang='lat' dir='ltr'><strong>est.</strong></span> <span class='ocrx_word' id='word_1_19' title='bbox 568 505 648 568; x_wconf 86' lang='lat' dir='ltr'><strong>ltaque</strong></span> <span class='ocrx_word' id='word_1_20' title='bbox 657 505 731 551; x_wconf 83' lang='lat' dir='ltr'><strong>stilum</strong></span> <span class='ocrx_word' id='word_1_21' title='bbox 800 527 805 536; x_wconf 91' lang='lat'>·</span> 
     </span>
    </p>
   </div>
   <div class='ocr_carea' id='block_1_4' title="bbox 55 568 733 2756">
    <p class='ocr_par' dir='ltr' id='par_1_4' title="bbox 55 568 733 2176">
     <span class='ocr_line' id='line_1_5' title="bbox 62 568 731 633; baseline 0.004 -22"><span class='ocrx_word' id='word_1_22' title='bbox 62 581 141 612; x_wconf 88' lang='lat' dir='ltr'><strong>meum</strong></span> <span class='ocrx_word' id='word_1_23' title='bbox 161 568 189 613; x_wconf 92' lang='lat' dir='ltr'><strong>ad</strong></span> <span class='ocrx_word' id='word_1_24' title='bbox 208 575 300 615; x_wconf 77' lang='lat' dir='ltr'><strong>externa</strong></span> <span class='ocrx_word' id='word_1_25' title='bbox 312 571 360 632; x_wconf 87' lang='lat' dir='ltr'><strong>jam</strong></span> <span class='ocrx_word' id='word_1_26' title='bbox 377 571 447 617; x_wconf 85' lang='lat' dir='ltr'><strong>delabi</strong></span> <span class='ocrx_word' id='word_1_27' title='bbox 463 572 596 633; x_wconf 76' lang='lat' dir='ltr'><strong>permittam.</strong></span> <span class='ocrx_word' id='word_1_28' title='bbox 627 571 731 624; x_wconf 84' lang='lat' dir='ltr'><strong>Quorum</strong></span> 
     </span>
     <span class='ocr_line' id='line_1_6' title="bbox 61 631 733 698; baseline 0.004 -22"><span class='ocrx_word' id='word_1_29' title='bbox 61 631 214 692; x_wconf 72' lang='lat' dir='ltr'>principatum</span> <span class='ocrx_word' id='word_1_30' title='bbox 231 640 306 680; x_wconf 86' lang='lat' dir='ltr'><strong>teneat</strong></span> <span class='ocrx_word' id='word_1_31' title='bbox 324 634 432 690; x_wconf 87' lang='lat' dir='ltr'><strong>Blassius,</strong></span> <span class='ocrx_word' id='word_1_32' title='bbox 453 638 516 698; x_wconf 89' lang='lat' dir='ltr'><strong>cujus</strong></span> <span class='ocrx_word' id='word_1_33' title='bbox 535 633 659 682; x_wconf 78' lang='lat' dir='ltr'><strong>constantii</strong></span> <span class='ocrx_word' id='word_1_34' title='bbox 677 633 733 680; x_wconf 89' lang='lat' dir='ltr'><strong>nihil</strong></span> 
     </span>
     <span class='ocr_line' id='line_1_7' title="bbox 60 695 730 762; baseline 0.006 -22"><span class='ocrx_word' id='word_1_35' title='bbox 60 695 207 756; x_wconf 84' lang='lat' dir='ltr'><strong>pertinacius.</strong></span> <span class='ocrx_word' id='word_1_36' title='bbox 234 697 344 760; x_wconf 82' lang='lat' dir='ltr'><strong>Salapiam</strong></span> <span class='ocrx_word' id='word_1_37' title='bbox 358 700 426 753; x_wconf 88' lang='lat' dir='ltr'><strong>enim,</strong></span> <span class='ocrx_word' id='word_1_38' title='bbox 440 701 532 762; x_wconf 86' lang='lat' dir='ltr'><strong>patriam</strong></span> <span class='ocrx_word' id='word_1_39' title='bbox 544 715 614 753; x_wconf 85' lang='lat' dir='ltr'><strong>suam,</strong></span> <span class='ocrx_word' id='word_1_40' title='bbox 625 699 730 761; x_wconf 79' lang='lat' dir='ltr'><strong>praesidio</strong></span> 
     </span>
     <span class='ocr_line' id='line_1_8' title="bbox 61 757 730 828; baseline 0.007 -24"><span class='ocrx_word' id='word_1_41' title='bbox 61 757 154 806; x_wconf 87' lang='lat' dir='ltr'><strong>Punico</strong></span> <span class='ocrx_word' id='word_1_42' title='bbox 165 769 301 822; x_wconf 86' lang='lat' dir='ltr'><strong>occupatam,</strong></span> <span class='ocrx_word' id='word_1_43' title='bbox 318 763 428 810; x_wconf 83' lang='lat' dir='ltr'><strong>Romania</strong></span> <span class='ocrx_word' id='word_1_44' title='bbox 439 765 531 828; x_wconf 85' lang='lat' dir='ltr'><strong>cupiens</strong></span> <span class='ocrx_word' id='word_1_45' title='bbox 543 765 666 817; x_wconf 76' lang='lat' dir='ltr'><strong>restituere,</strong></span> <span class='ocrx_word' id='word_1_46' title='bbox 679 763 730 810; x_wconf 91' lang='lat' dir='ltr'><strong>Da-</strong></span> 
     </span>
     <span class='ocr_line' id='line_1_9' title="bbox 61 823 730 889; baseline 0.007 -21"><span class='ocrx_word' id='word_1_47' title='bbox 61 823 123 869; x_wconf 88' lang='lat' dir='ltr'><strong>sium</strong></span> <span class='ocrx_word' id='word_1_48' title='bbox 131 826 239 872; x_wconf 84' lang='lat' dir='ltr'><strong>acerrimo</strong></span> <span class='ocrx_word' id='word_1_49' title='bbox 250 827 323 873; x_wconf 86' lang='lat' dir='ltr'><strong>studio</strong></span> <span class='ocrx_word' id='word_1_50' title='bbox 334 843 409 875; x_wconf 87' lang='lat' dir='ltr'><strong>seeum</strong></span> <span class='ocrx_word' id='word_1_51' title='bbox 421 829 444 874; x_wconf 90' lang='lat' dir='ltr'><strong>in</strong></span> <span class='ocrx_word' id='word_1_52' title='bbox 455 828 645 876; x_wconf 72' lang='lat' dir='ltr'><strong>administratione</strong></span> <span class='ocrx_word' id='word_1_53' title='bbox 656 828 730 889; x_wconf 88' lang='lat' dir='ltr'><strong>reipu-</strong></span> 
     </span>
     <span class='ocr_line' id='line_1_10' title="bbox 60 887 730 953; baseline 0.006 -19"><span class='ocrx_word' id='word_1_54' title='bbox 60 887 129 934; x_wconf 80' lang='lat' dir='ltr'><strong>btieae</strong></span> <span class='ocrx_word' id='word_1_55' title='bbox 139 889 290 944; x_wconf 80' lang='lat' dir='ltr'><strong>dissidentem,</strong></span> <span class='ocrx_word' id='word_1_56' title='bbox 301 899 325 939; x_wconf 89' lang='lat' dir='ltr'><strong>et</strong></span> <span class='ocrx_word' id='word_1_57' title='bbox 336 893 432 953; x_wconf 87' lang='lat' dir='ltr'><strong>alioquin</strong></span> <span class='ocrx_word' id='word_1_58' title='bbox 446 894 521 941; x_wconf 88' lang='lat' dir='ltr'><strong>animo</strong></span> <span class='ocrx_word' id='word_1_59' title='bbox 531 900 580 940; x_wconf 84' lang='lat' dir='ltr'><strong>toto</strong></span> <span class='ocrx_word' id='word_1_60' title='bbox 596 891 730 938; x_wconf 78' lang='lat' dir='ltr'><strong>Hannibalis</strong></span> 
     </span>
     <span class='ocr_line' id='line_1_11' title="bbox 60 953 729 1019; baseline 0.003 -21"><span class='ocrx_word' id='word_1_61' title='bbox 60 953 169 999; x_wconf 76' lang='lat' dir='ltr'><strong>amicitiae</strong></span> <span class='ocrx_word' id='word_1_62' title='bbox 185 963 310 1010; x_wconf 75' lang='lat' dir='ltr'><strong>vamntem,</strong></span> <span class='ocrx_word' id='word_1_63' title='bbox 328 957 376 1003; x_wconf 87' lang='lat' dir='ltr'><strong>sine</strong></span> <span class='ocrx_word' id='word_1_64' title='bbox 393 973 437 1017; x_wconf 91' lang='lat' dir='ltr'><strong>quo</strong></span> <span class='ocrx_word' id='word_1_65' title='bbox 454 959 593 1019; x_wconf 90' lang='lat' dir='ltr'><strong>propositum</strong></span> <span class='ocrx_word' id='word_1_66' title='bbox 612 957 729 1002; x_wconf 89' lang='lat' dir='ltr'><strong>consilium</strong></span> 
     </span>
     <span class='ocr_line' id='line_1_12' title="bbox 59 1017 732 1083; baseline 0.006 -21"><span class='ocrx_word' id='word_1_67' title='bbox 59 1017 142 1080; x_wconf 77' lang='lat' dir='ltr'><strong>per-agi</strong></span> <span class='ocrx_word' id='word_1_68' title='bbox 154 1032 200 1063; x_wconf 92' lang='lat' dir='ltr'><strong>non</strong></span> <span class='ocrx_word' id='word_1_69' title='bbox 210 1027 304 1081; x_wconf 84' lang='lat' dir='ltr'><strong>poterat,</strong></span> <span class='ocrx_word' id='word_1_70' title='bbox 320 1021 349 1067; x_wconf 89' lang='lat' dir='ltr'><strong>ad</strong></span> <span class='ocrx_word' id='word_1_71' title='bbox 361 1021 420 1068; x_wconf 88' lang='lat' dir='ltr'><strong>idem</strong></span> <span class='ocrx_word' id='word_1_72' title='bbox 431 1037 487 1083; x_wconf 89' lang='lat' dir='ltr'><strong>opus</strong></span> <span class='ocrx_word' id='word_1_73' title='bbox 498 1020 672 1083; x_wconf 78' lang='lat' dir='ltr'><strong>aggrediendum</strong></span> <span class='ocrx_word' id='word_1_74' title='bbox 682 1033 732 1066; x_wconf 89' lang='lat' dir='ltr'><strong>ma·</strong></span> 
     </span>
     <span class='ocr_line' id='line_1_13' title="bbox 55 1083 730 1148; baseline 0.003 -21"><span class='ocrx_word' id='word_1_75' title='bbox 55 1086 112 1145; x_wconf 67' lang='lat' dir='ltr'><strong>Jore</strong></span> <span class='ocrx_word' id='word_1_76' title='bbox 127 1083 254 1143; x_wconf 85' lang='lat' dir='ltr'><strong>cupiditate,</strong></span> <span class='ocrx_word' id='word_1_77' title='bbox 271 1099 336 1146; x_wconf 82' lang='lat' dir='ltr'><strong>quarn</strong></span> <span class='ocrx_word' id='word_1_78' title='bbox 350 1101 389 1148; x_wconf 88' lang='lat' dir='ltr'><strong>spe</strong></span> <span class='ocrx_word' id='word_1_79' title='bbox 400 1087 500 1137; x_wconf 81' lang='lat' dir='ltr'><strong>certiore,</strong></span> <span class='ocrx_word' id='word_1_80' title='bbox 513 1092 600 1130; x_wconf 86' lang='lat' dir='ltr'><strong>tentare</strong></span> <span class='ocrx_word' id='word_1_81' title='bbox 610 1099 677 1130; x_wconf 89' lang='lat' dir='ltr'><strong>ausus</strong></span> <span class='ocrx_word' id='word_1_82' title='bbox 687 1089 730 1129; x_wconf 83' lang='lat' dir='ltr'><strong>eat.</strong></span> 
     </span>
     <span class='ocr_line' id='line_1_14' title="bbox 60 1147 730 1212; baseline 0.001 -20"><span class='ocrx_word' id='word_1_83' title='bbox 60 1147 113 1200; x_wconf 82' lang='lat' dir='ltr'><strong>Qui</strong></span> <span class='ocrx_word' id='word_1_84' title='bbox 123 1148 228 1208; x_wconf 85' lang='lat' dir='ltr'><strong>protinus</strong></span> <span class='ocrx_word' id='word_1_85' title='bbox 242 1163 368 1196; x_wconf 72' lang='lat' dir='ltr'><strong>mnnonem</strong></span> <span class='ocrx_word' id='word_1_86' title='bbox 383 1151 439 1212; x_wconf 84' lang='lat' dir='ltr'><strong>ejus,</strong></span> <span class='ocrx_word' id='word_1_87' title='bbox 455 1148 607 1212; x_wconf 71' lang='lat' dir='ltr'><strong>adjectisque</strong></span> <span class='ocrx_word' id='word_1_88' title='bbox 621 1153 644 1194; x_wconf 88' lang='lat' dir='ltr'><strong>et</strong></span> <span class='ocrx_word' id='word_1_89' title='bbox 658 1147 730 1208; x_wconf 87' lang='lat' dir='ltr'><strong>ipsum</strong></span> 
     </span>
     <span class='ocr_line' id='line_1_15' title="bbox 59 1210 731 1266; baseline -0.001 -8"><span class='ocrx_word' id='word_1_90' title='bbox 59 1211 284 1266; x_wconf 80' lang='lat' dir='ltr'><strong>commendatiorem,</strong></span> <span class='ocrx_word' id='word_1_91' title='bbox 307 1221 330 1260; x_wconf 88' lang='lat' dir='ltr'><strong>et</strong></span> <span class='ocrx_word' id='word_1_92' title='bbox 351 1214 465 1260; x_wconf 87' lang='lat' dir='ltr'><strong>inimicum</strong></span> <span class='ocrx_word' id='word_1_93' title='bbox 487 1211 622 1265; x_wconf 82' lang='lat' dir='ltr'><strong>inuisiorem,</strong></span> <span class='ocrx_word' id='word_1_94' title='bbox 645 1210 731 1258; x_wconf 87' lang='lat' dir='ltr'><strong>iactura</strong></span> 
     </span>
     <span class='ocr_line' id='line_1_16' title="bbox 58 1275 729 1340; baseline -0.003 -16"><span class='ocrx_word' id='word_1_95' title='bbox 58 1277 204 1329; x_wconf 80' lang='lat' dir='ltr'><strong>videbantur,</strong></span> <span class='ocrx_word' id='word_1_96' title='bbox 214 1275 336 1324; x_wconf 83' lang='lat' dir='ltr'><strong>Hannibali</strong></span> <span class='ocrx_word' id='word_1_97' title='bbox 344 1278 432 1325; x_wconf 83' lang='lat' dir='ltr'><strong>retulitr</strong></span> <span class='ocrx_word' id='word_1_98' title='bbox 446 1293 513 1339; x_wconf 91' lang='lat' dir='ltr'><strong>aquo</strong></span> <span class='ocrx_word' id='word_1_99' title='bbox 521 1275 660 1340; x_wconf 78' lang='lat' dir='ltr'><strong>adesaeJ‘uasi</strong></span> <span class='ocrx_word' id='word_1_100' title='bbox 669 1285 729 1330; x_wconf 88' lang='lat' dir='ltr'><strong>sunt,</strong></span> 
     </span>
     <span class='ocr_line' id='line_1_17' title="bbox 58 1339 729 1403; baseline -0.003 -15"><span class='ocrx_word' id='word_1_101' title='bbox 58 1349 87 1388; x_wconf 87' lang='lat' dir='ltr'><strong>ut</strong></span> <span class='ocrx_word' id='word_1_102' title='bbox 97 1341 158 1387; x_wconf 77' lang='lat' dir='ltr'><strong>alter</strong></span> <span class='ocrx_word' id='word_1_103' title='bbox 168 1341 252 1388; x_wconf 80' lang='lat' dir='ltr'><strong>crimen</strong></span> <span class='ocrx_word' id='word_1_104' title='bbox 262 1343 372 1403; x_wconf 85' lang='lat' dir='ltr'><strong>probaret,</strong></span> <span class='ocrx_word' id='word_1_105' title='bbox 384 1343 439 1389; x_wconf 79' lang='lat' dir='ltr'><strong>alter</strong></span> <span class='ocrx_word' id='word_1_106' title='bbox 450 1342 585 1390; x_wconf 78' lang='lat' dir='ltr'><strong>detmderea</strong></span> <span class='ocrx_word' id='word_1_107' title='bbox 605 1339 729 1395; x_wconf 80' lang='lat' dir='ltr'><strong>Caeterum,</strong></span> 
     </span>
     <span class='ocr_line' id='line_1_18' title="bbox 58 1405 730 1469; baseline 0 -17"><span class='ocrx_word' id='word_1_108' title='bbox 58 1421 103 1468; x_wconf 91' lang='lat' dir='ltr'><strong>pro</strong></span> <span class='ocrx_word' id='word_1_109' title='bbox 114 1405 220 1452; x_wconf 71' lang='lat' dir='ltr'><strong>tnhunali</strong></span> <span class='ocrx_word' id='word_1_110' title='bbox 229 1420 280 1451; x_wconf 90' lang='lat' dir='ltr'><strong>curn</strong></span> <span class='ocrx_word' id='word_1_111' title='bbox 293 1421 328 1453; x_wconf 89' lang='lat' dir='ltr'><strong>res</strong></span> <span class='ocrx_word' id='word_1_112' title='bbox 338 1413 460 1469; x_wconf 81' lang='lat' dir='ltr'><strong>gereretur,</strong></span> <span class='ocrx_word' id='word_1_113' title='bbox 472 1415 495 1454; x_wconf 88' lang='lat' dir='ltr'><strong>et</strong></span> <span class='ocrx_word' id='word_1_114' title='bbox 505 1406 624 1468; x_wconf 86' lang='lat' dir='ltr'><strong>quaestioni</strong></span> <span class='ocrx_word' id='word_1_115' title='bbox 635 1406 665 1452; x_wconf 92' lang='lat' dir='ltr'><strong>illi</strong></span> <span class='ocrx_word' id='word_1_116' title='bbox 680 1421 730 1452; x_wconf 89' lang='lat' dir='ltr'><strong>orn·</strong></span> 
     </span>
     <span class='ocr_line' id='line_1_19' title="bbox 59 1469 730 1526; baseline 0.001 -9"><span class='ocrx_word' id='word_1_117' title='bbox 59 1471 126 1517; x_wconf 83' lang='lat' dir='ltr'><strong>nium</strong></span> <span class='ocrx_word' id='word_1_118' title='bbox 141 1469 202 1516; x_wconf 90' lang='lat' dir='ltr'><strong>oculi</strong></span> <span class='ocrx_word' id='word_1_119' title='bbox 216 1477 291 1516; x_wconf 84' lang='lat' dir='ltr'><strong>essent</strong></span> <span class='ocrx_word' id='word_1_120' title='bbox 304 1471 391 1526; x_wconf 90' lang='lat' dir='ltr'><strong>intenti,</strong></span> <span class='ocrx_word' id='word_1_121' title='bbox 408 1471 461 1518; x_wconf 88' lang='lat' dir='ltr'><strong>dum</strong></span> <span class='ocrx_word' id='word_1_122' title='bbox 477 1471 536 1519; x_wconf 91' lang='lat' dir='ltr'><strong>aliud</strong></span> <span class='ocrx_word' id='word_1_123' title='bbox 550 1471 608 1518; x_wconf 86' lang='lat' dir='ltr'><strong>lorte</strong></span> <span class='ocrx_word' id='word_1_124' title='bbox 621 1471 730 1518; x_wconf 79' lang='lat' dir='ltr'><strong>citerioris</strong></span> 
     </span>
     <span class='ocr_line' id='line_1_20' title="bbox 57 1535 730 1597; baseline 0 -15"><span class='ocrx_word' id='word_1_125' title='bbox 57 1549 123 1582; x_wconf 78' lang='lat' dir='ltr'><strong>cursa</strong></span> <span class='ocrx_word' id='word_1_126' title='bbox 140 1535 258 1597; x_wconf 73' lang='lat' dir='ltr'><strong>negotium</strong></span> <span class='ocrx_word' id='word_1_127' title='bbox 277 1541 390 1591; x_wconf 66' lang='lat' dir='ltr'><strong>mactatur,</strong></span> <span class='ocrx_word' id='word_1_128' title='bbox 411 1536 519 1591; x_wconf 85' lang='lat' dir='ltr'><strong>Blassius,</strong></span> <span class='ocrx_word' id='word_1_129' title='bbox 541 1537 606 1584; x_wconf 83' lang='lat' dir='ltr'><strong>vultu</strong></span> <span class='ocrx_word' id='word_1_130' title='bbox 625 1535 730 1582; x_wconf 83' lang='lat' dir='ltr'><strong>dissimu-</strong></span> 
     </span>
     <span class='ocr_line' id='line_1_21' title="bbox 59 1599 730 1664; baseline 0 -18"><span class='ocrx_word' id='word_1_131' title='bbox 59 1601 132 1653; x_wconf 73' lang='lat' dir='ltr'><strong>lante,</strong></span> <span class='ocrx_word' id='word_1_132' title='bbox 150 1605 175 1644; x_wconf 83' lang='lat' dir='ltr'><strong>et</strong></span> <span class='ocrx_word' id='word_1_133' title='bbox 190 1613 247 1646; x_wconf 81' lang='lat' dir='ltr'><strong>voce</strong></span> <span class='ocrx_word' id='word_1_134' title='bbox 261 1599 376 1654; x_wconf 80' lang='lat' dir='ltr'><strong>submissa,</strong></span> <span class='ocrx_word' id='word_1_135' title='bbox 394 1615 486 1648; x_wconf 86' lang='lat' dir='ltr'><strong>monere</strong></span> <span class='ocrx_word' id='word_1_136' title='bbox 500 1601 597 1648; x_wconf 84' lang='lat' dir='ltr'><strong>Dasium</strong></span> <span class='ocrx_word' id='word_1_137' title='bbox 612 1601 687 1664; x_wconf 79' lang='lat' dir='ltr'><strong>caepit,</strong></span> <span class='ocrx_word' id='word_1_138' title='bbox 704 1605 730 1646; x_wconf 82' lang='lat' dir='ltr'><strong>ui</strong></span> 
     </span>
     <span class='ocr_line' id='line_1_22' title="bbox 60 1664 729 1728; baseline 0 -17"><span class='ocrx_word' id='word_1_139' title='bbox 60 1665 222 1711; x_wconf 80' lang='lat' dir='ltr'><strong>Romanorum</strong></span> <span class='ocrx_word' id='word_1_140' title='bbox 240 1664 315 1726; x_wconf 86' lang='lat' dir='ltr'><strong>potius</strong></span> <span class='ocrx_word' id='word_1_141' title='bbox 333 1675 399 1724; x_wconf 86' lang='lat' dir='ltr'><strong>quarn</strong></span> <span class='ocrx_word' id='word_1_142' title='bbox 419 1665 636 1728; x_wconf 81' lang='lat' dir='ltr'><strong>Carthaginiensium</strong></span> <span class='ocrx_word' id='word_1_143' title='bbox 654 1671 729 1728; x_wconf 82' lang='lat' dir='ltr'><strong>partas</strong></span> 
     </span>
     <span class='ocr_line' id='line_1_23' title="bbox 58 1727 730 1790; baseline -0.001 -15"><span class='ocrx_word' id='word_1_144' title='bbox 58 1729 158 1776; x_wconf 72' lang='lat' dir='ltr'><strong>foveret</strong></span> <span class='ocrx_word' id='word_1_145' title='bbox 185 1727 309 1776; x_wconf 83' lang='lat' dir='ltr'><strong>Enimvero</strong></span> <span class='ocrx_word' id='word_1_146' title='bbox 325 1735 379 1776; x_wconf 89' lang='lat' dir='ltr'><strong>tunc</strong></span> <span class='ocrx_word' id='word_1_147' title='bbox 394 1729 431 1776; x_wconf 93' lang='lat' dir='ltr'><strong>ille</strong></span> <span class='ocrx_word' id='word_1_148' title='bbox 446 1731 575 1790; x_wconf 84' lang='lat' dir='ltr'><strong>proclamat,</strong></span> <span class='ocrx_word' id='word_1_149' title='bbox 594 1745 618 1776; x_wconf 88' lang='lat' dir='ltr'><strong>se</strong></span> <span class='ocrx_word' id='word_1_150' title='bbox 633 1730 657 1776; x_wconf 91' lang='lat' dir='ltr'><strong>in</strong></span> <span class='ocrx_word' id='word_1_151' title='bbox 674 1743 730 1775; x_wconf 85' lang='lat' dir='ltr'><strong>con-</strong></span> 
     </span>
     <span class='ocr_line' id='line_1_24' title="bbox 61 1791 729 1856; baseline 0 -18"><span class='ocrx_word' id='word_1_152' title='bbox 61 1799 143 1856; x_wconf 83' lang='lat' dir='ltr'><strong>spectu</strong></span> <span class='ocrx_word' id='word_1_153' title='bbox 154 1791 217 1838; x_wconf 89' lang='lat' dir='ltr'><strong>ducis</strong></span> <span class='ocrx_word' id='word_1_154' title='bbox 227 1793 332 1840; x_wconf 77' lang='lat' dir='ltr'><strong>adversam</strong></span> <span class='ocrx_word' id='word_1_155' title='bbox 343 1809 394 1840; x_wconf 91' lang='lat' dir='ltr'><strong>eum</strong></span> <span class='ocrx_word' id='word_1_156' title='bbox 410 1794 529 1840; x_wconf 86' lang='lat' dir='ltr'><strong>sollicitari.</strong></span> <span class='ocrx_word' id='word_1_157' title='bbox 560 1793 629 1846; x_wconf 84' lang='lat' dir='ltr'><strong>Quod</strong></span> <span class='ocrx_word' id='word_1_158' title='bbox 643 1793 695 1854; x_wconf 89' lang='lat' dir='ltr'><strong>quia</strong></span> <span class='ocrx_word' id='word_1_159' title='bbox 706 1799 729 1839; x_wconf 89' lang='lat' dir='ltr'><strong>et</strong></span> 
     </span>
     <span class='ocr_line' id='line_1_25' title="bbox 62 1857 730 1911; baseline 0 -8"><span class='ocrx_word' id='word_1_160' title='bbox 62 1857 193 1904; x_wconf 65' lang='lat' dir='ltr'><strong>incredibile</strong></span> <span class='ocrx_word' id='word_1_161' title='bbox 209 1858 382 1911; x_wconf 82' lang='lat' dir='ltr'><strong>existimabatur,</strong></span> <span class='ocrx_word' id='word_1_162' title='bbox 399 1865 423 1904; x_wconf 92' lang='lat' dir='ltr'><strong>et</strong></span> <span class='ocrx_word' id='word_1_163' title='bbox 439 1857 467 1903; x_wconf 92' lang='lat' dir='ltr'><strong>ad</strong></span> <span class='ocrx_word' id='word_1_164' title='bbox 481 1858 547 1902; x_wconf 91' lang='lat' dir='ltr'><strong>unius</strong></span> <span class='ocrx_word' id='word_1_165' title='bbox 563 1864 650 1902; x_wconf 83' lang='lat' dir='ltr'><strong>tanturn</strong></span> <span class='ocrx_word' id='word_1_166' title='bbox 665 1871 730 1903; x_wconf 82' lang='lat' dir='ltr'><strong>aures</strong></span> 
     </span>
     <span class='ocr_line' id='line_1_26' title="bbox 60 1919 729 1984; baseline -0.003 -16"><span class='ocrx_word' id='word_1_167' title='bbox 60 1929 225 1984; x_wconf 62' lang='lat' dir='ltr'><strong>manserat,</strong></span> <span class='ocrx_word' id='word_1_168' title='bbox 246 1927 269 1968; x_wconf 88' lang='lat' dir='ltr'><strong>et</strong></span> <span class='ocrx_word' id='word_1_169' title='bbox 281 1923 405 1984; x_wconf 65' lang='lat' dir='ltr'><strong>iactabatur</strong></span> <span class='ocrx_word' id='word_1_170' title='bbox 423 1921 451 1968; x_wconf 86' lang='lat' dir='ltr'><strong>ab</strong></span> <span class='ocrx_word' id='word_1_171' title='bbox 467 1920 564 1973; x_wconf 86' lang='lat' dir='ltr'><strong>inimico,</strong></span> <span class='ocrx_word' id='word_1_172' title='bbox 585 1919 667 1966; x_wconf 82' lang='lat' dir='ltr'><strong>veritas</strong></span> <span class='ocrx_word' id='word_1_173' title='bbox 684 1919 729 1966; x_wconf 83' lang='lat' dir='ltr'><strong>ilde</strong></span> 
     </span>
     <span class='ocr_line' id='line_1_27' title="bbox 61 1983 729 2048; baseline -0.003 -15"><span class='ocrx_word' id='word_1_174' title='bbox 61 1986 142 2033; x_wconf 81' lang='lat' dir='ltr'><strong>caruit.</strong></span> <span class='ocrx_word' id='word_1_175' title='bbox 163 1985 208 2032; x_wconf 82' lang='lat' dir='ltr'><strong>Sed</strong></span> <span class='ocrx_word' id='word_1_176' title='bbox 216 2001 261 2031; x_wconf 93' lang='lat' dir='ltr'><strong>non</strong></span> <span class='ocrx_word' id='word_1_177' title='bbox 269 1987 300 2033; x_wconf 90' lang='lat' dir='ltr'><strong>ita</strong></span> <span class='ocrx_word' id='word_1_178' title='bbox 310 1987 382 2032; x_wconf 90' lang='lat' dir='ltr'><strong>multo</strong></span> <span class='ocrx_word' id='word_1_179' title='bbox 392 1995 444 2048; x_wconf 89' lang='lat' dir='ltr'><strong>post</strong></span> <span class='ocrx_word' id='word_1_180' title='bbox 452 1983 533 2032; x_wconf 89' lang='lat' dir='ltr'><strong>Blassii</strong></span> <span class='ocrx_word' id='word_1_181' title='bbox 541 1984 597 2030; x_wconf 91' lang='lat' dir='ltr'><strong>mira</strong></span> <span class='ocrx_word' id='word_1_182' title='bbox 605 1985 729 2031; x_wconf 87' lang='lat' dir='ltr'><strong>constantia</strong></span> 
     </span>
     <span class='ocr_line' id='line_1_28' title="bbox 62 2048 729 2111; baseline -0.006 -15"><span class='ocrx_word' id='word_1_183' title='bbox 62 2049 163 2096; x_wconf 84' lang='lat' dir='ltr'><strong>Dasium</strong></span> <span class='ocrx_word' id='word_1_184' title='bbox 174 2050 202 2096; x_wconf 88' lang='lat' dir='ltr'><strong>ad</strong></span> <span class='ocrx_word' id='word_1_185' title='bbox 213 2065 237 2096; x_wconf 81' lang='lat' dir='ltr'><strong>ae</strong></span> <span class='ocrx_word' id='word_1_186' title='bbox 248 2052 322 2104; x_wconf 86' lang='lat' dir='ltr'><strong>traxit,</strong></span> <span class='ocrx_word' id='word_1_187' title='bbox 335 2050 488 2111; x_wconf 84' lang='lat' dir='ltr'><strong>Marcelloque</strong></span> <span class='ocrx_word' id='word_1_188' title='bbox 500 2049 616 2110; x_wconf 81' lang='lat' dir='ltr'><strong>Salapiam,</strong></span> <span class='ocrx_word' id='word_1_189' title='bbox 630 2055 652 2094; x_wconf 85' lang='lat' dir='ltr'><strong>et</strong></span> <span class='ocrx_word' id='word_1_190' title='bbox 665 2048 729 2108; x_wconf 86' lang='lat' dir='ltr'><strong>quin-</strong></span> 
     </span>
     <span class='ocr_line' id='line_1_29' title="bbox 61 2111 730 2176; baseline -0.006 -15"><span class='ocrx_word' id='word_1_191' title='bbox 61 2121 147 2176; x_wconf 77' lang='lat' dir='ltr'><strong>gentos</strong></span> <span class='ocrx_word' id='word_1_192' title='bbox 158 2113 276 2170; x_wconf 84' lang='lat' dir='ltr'><strong>Numidas,</strong></span> <span class='ocrx_word' id='word_1_193' title='bbox 289 2115 358 2175; x_wconf 85' lang='lat' dir='ltr'><strong>quiin</strong></span> <span class='ocrx_word' id='word_1_194' title='bbox 369 2113 396 2162; x_wconf 80' lang='lat' dir='ltr'><strong>ei</strong></span> <span class='ocrx_word' id='word_1_195' title='bbox 407 2114 514 2161; x_wconf 76' lang='lat' dir='ltr'><strong>eunodtae</strong></span> <span class='ocrx_word' id='word_1_196' title='bbox 525 2111 591 2160; x_wconf 81' lang='lat' dir='ltr'><strong>causi</strong></span> <span class='ocrx_word' id='word_1_197' title='bbox 601 2119 671 2166; x_wconf 87' lang='lat' dir='ltr'><strong>erant,</strong></span> <span class='ocrx_word' id='word_1_198' title='bbox 684 2119 730 2158; x_wconf 83' lang='lat' dir='ltr'><strong>tra-</strong></span> 
     </span>
    </p>

    <p class='ocr_par' dir='ltr' id='par_1_5' title="bbox 62 2239 731 2756">
     <span class='ocr_line' id='line_1_30' title="bbox 96 2239 730 2307; baseline -0.003 -19"><span class='ocrx_word' id='word_1_199' title='bbox 96 2241 144 2307; x_wconf 76' lang='lat'><strong>(2)</strong></span> <span class='ocrx_word' id='word_1_200' title='bbox 163 2241 264 2290; x_wconf 85' lang='lat' dir='ltr'><strong>Phocion</strong></span> <span class='ocrx_word' id='word_1_201' title='bbox 280 2257 341 2296; x_wconf 81' lang='lat' dir='ltr'><strong>vero,</strong></span> <span class='ocrx_word' id='word_1_202' title='bbox 358 2257 409 2289; x_wconf 86' lang='lat' dir='ltr'><strong>cum</strong></span> <span class='ocrx_word' id='word_1_203' title='bbox 426 2241 577 2291; x_wconf 72' lang='lat' dir='ltr'><strong>Athenienses</strong></span> <span class='ocrx_word' id='word_1_204' title='bbox 592 2255 648 2294; x_wconf 88' lang='lat' dir='ltr'><strong>rem,</strong></span> <span class='ocrx_word' id='word_1_205' title='bbox 666 2239 730 2288; x_wconf 87' lang='lat' dir='ltr'><strong>aliter</strong></span> 
     </span>
     <span class='ocr_line' id='line_1_31' title="bbox 62 2303 731 2371; baseline -0.004 -17"><span class='ocrx_word' id='word_1_206' title='bbox 62 2315 132 2369; x_wconf 79' lang='lat' dir='ltr'><strong>atque</strong></span> <span class='ocrx_word' id='word_1_207' title='bbox 147 2308 197 2368; x_wconf 84' lang='lat' dir='ltr'><strong>ipse</strong></span> <span class='ocrx_word' id='word_1_208' title='bbox 214 2316 319 2362; x_wconf 82' lang='lat' dir='ltr'><strong>suaserat,</strong></span> <span class='ocrx_word' id='word_1_209' title='bbox 338 2323 442 2371; x_wconf 85' lang='lat' dir='ltr'><strong>prospere</strong></span> <span class='ocrx_word' id='word_1_210' title='bbox 458 2303 657 2358; x_wconf 82' lang='lat' dir='ltr'><strong>administriasent,</strong></span> <span class='ocrx_word' id='word_1_211' title='bbox 675 2304 731 2351; x_wconf 89' lang='lat' dir='ltr'><strong>adeo</strong></span> 
     </span>
     <span class='ocr_line' id='line_1_32' title="bbox 62 2370 729 2434; baseline -0.004 -16"><span class='ocrx_word' id='word_1_212' title='bbox 62 2387 210 2434; x_wconf 58' lang='lat' dir='ltr'><strong>menna</strong></span> <span class='ocrx_word' id='word_1_213' title='bbox 218 2372 335 2418; x_wconf 83' lang='lat' dir='ltr'><strong>sententiae</strong></span> <span class='ocrx_word' id='word_1_214' title='bbox 346 2387 393 2419; x_wconf 77' lang='lat' dir='ltr'><strong>sun</strong></span> <span class='ocrx_word' id='word_1_215' title='bbox 403 2379 555 2434; x_wconf 86' lang='lat' dir='ltr'><strong>propugnator</strong></span> <span class='ocrx_word' id='word_1_216' title='bbox 565 2371 657 2423; x_wconf 76' lang='lat' dir='ltr'><strong>exstitit,</strong></span> <span class='ocrx_word' id='word_1_217' title='bbox 669 2377 695 2416; x_wconf 87' lang='lat' dir='ltr'><strong>ut</strong></span> <span class='ocrx_word' id='word_1_218' title='bbox 705 2370 729 2416; x_wconf 90' lang='lat' dir='ltr'><strong>in</strong></span> 
     </span>
     <span class='ocr_line' id='line_1_33' title="bbox 63 2435 729 2498; baseline -0.005 -16"><span class='ocrx_word' id='word_1_219' title='bbox 63 2437 174 2482; x_wconf 72' lang='lat' dir='ltr'><strong>mucione</strong></span> <span class='ocrx_word' id='word_1_220' title='bbox 187 2437 258 2482; x_wconf 75' lang='lat' dir='ltr'><strong>laetari</strong></span> <span class='ocrx_word' id='word_1_221' title='bbox 269 2437 357 2498; x_wconf 84' lang='lat' dir='ltr'><strong>quidem</strong></span> <span class='ocrx_word' id='word_1_222' title='bbox 369 2453 393 2484; x_wconf 91' lang='lat' dir='ltr'><strong>se</strong></span> <span class='ocrx_word' id='word_1_223' title='bbox 404 2451 508 2484; x_wconf 68' lang='lat' dir='ltr'><strong>succmau</strong></span> <span class='ocrx_word' id='word_1_224' title='bbox 523 2449 607 2489; x_wconf 82' lang='lat' dir='ltr'><strong>eorum,</strong></span> <span class='ocrx_word' id='word_1_225' title='bbox 620 2435 658 2480; x_wconf 85' lang='lat' dir='ltr'><strong>aed</strong></span> <span class='ocrx_word' id='word_1_226' title='bbox 673 2449 729 2480; x_wconf 88' lang='lat' dir='ltr'><strong>con-</strong></span> 
     </span>
     <span class='ocr_line' id='line_1_34' title="bbox 62 2499 726 2562; baseline -0.006 -14"><span class='ocrx_word' id='word_1_227' title='bbox 62 2501 138 2548; x_wconf 80' lang='lat' dir='ltr'><strong>silium</strong></span> <span class='ocrx_word' id='word_1_228' title='bbox 153 2507 228 2547; x_wconf 81' lang='lat' dir='ltr'><strong>tamen</strong></span> <span class='ocrx_word' id='word_1_229' title='bbox 244 2515 309 2548; x_wconf 88' lang='lat' dir='ltr'><strong>auum</strong></span> <span class='ocrx_word' id='word_1_230' title='bbox 323 2501 435 2562; x_wconf 87' lang='lat' dir='ltr'><strong>aliquanto</strong></span> <span class='ocrx_word' id='word_1_231' title='bbox 450 2501 529 2548; x_wconf 88' lang='lat' dir='ltr'><strong>melius</strong></span> <span class='ocrx_word' id='word_1_232' title='bbox 543 2499 618 2553; x_wconf 86' lang='lat' dir='ltr'><strong>luisse,</strong></span> <span class='ocrx_word' id='word_1_233' title='bbox 636 2499 726 2545; x_wconf 87' lang='lat' dir='ltr'><strong>diceret.</strong></span> 
     </span>
     <span class='ocr_line' id='line_1_35' title="bbox 62 2562 730 2626; baseline -0.004 -14"><span class='ocrx_word' id='word_1_234' title='bbox 62 2563 121 2612; x_wconf 78' lang='lat' dir='ltr'><strong>Non</strong></span> <span class='ocrx_word' id='word_1_235' title='bbox 136 2565 196 2614; x_wconf 80' lang='lat' dir='ltr'><strong>etaim</strong></span> <span class='ocrx_word' id='word_1_236' title='bbox 213 2565 334 2620; x_wconf 70' lang='lat' dir='ltr'><strong>demunt,</strong></span> <span class='ocrx_word' id='word_1_237' title='bbox 346 2565 405 2626; x_wconf 89' lang='lat' dir='ltr'><strong>quod</strong></span> <span class='ocrx_word' id='word_1_238' title='bbox 417 2573 477 2612; x_wconf 86' lang='lat' dir='ltr'><strong>recte</strong></span> <span class='ocrx_word' id='word_1_239' title='bbox 487 2564 587 2621; x_wconf 77' lang='lat' dir='ltr'><strong>siderat3</strong></span> <span class='ocrx_word' id='word_1_240' title='bbox 603 2563 655 2625; x_wconf 88' lang='lat' dir='ltr'><strong>quia</strong></span> <span class='ocrx_word' id='word_1_241' title='bbox 669 2562 730 2624; x_wconf 84' lang='lat' dir='ltr'><strong>quod</strong></span> 
     </span>
     <span class='ocr_line' id='line_1_36' title="bbox 63 2623 730 2686; baseline -0.009 -8"><span class='ocrx_word' id='word_1_242' title='bbox 63 2629 122 2678; x_wconf 79' lang='lat' dir='ltr'><strong>alius</strong></span> <span class='ocrx_word' id='word_1_243' title='bbox 135 2631 194 2677; x_wconf 83' lang='lat' dir='ltr'><strong>male</strong></span> <span class='ocrx_word' id='word_1_244' title='bbox 207 2631 356 2683; x_wconf 82' lang='lat' dir='ltr'><strong>consuluerat,</strong></span> <span class='ocrx_word' id='word_1_245' title='bbox 373 2630 429 2676; x_wconf 80' lang='lat' dir='ltr'><strong>bene</strong></span> <span class='ocrx_word' id='word_1_246' title='bbox 445 2637 556 2686; x_wconf 85' lang='lat' dir='ltr'><strong>cesserat;</strong></span> <span class='ocrx_word' id='word_1_247' title='bbox 572 2627 658 2676; x_wconf 83' lang='lat' dir='ltr'><strong>leliciua</strong></span> <span class='ocrx_word' id='word_1_248' title='bbox 673 2623 730 2674; x_wconf 89' lang='lat' dir='ltr'><strong>illud</strong></span> 
     </span>
     <span class='ocr_line' id='line_1_37' title="bbox 64 2693 731 2756; baseline -0.009 -14"><span class='ocrx_word' id='word_1_249' title='bbox 64 2694 203 2750; x_wconf 61' lang='lat' dir='ltr'><strong>mma,</strong></span> <span class='ocrx_word' id='word_1_250' title='bbox 221 2696 265 2742; x_wconf 88' lang='lat' dir='ltr'><strong>hoa</strong></span> <span class='ocrx_word' id='word_1_251' title='bbox 279 2694 406 2756; x_wconf 84' lang='lat' dir='ltr'><strong>sapientius.</strong></span> <span class='ocrx_word' id='word_1_252' title='bbox 433 2693 545 2742; x_wconf 80' lang='lat' dir='ltr'><strong>Blandum</strong></span> <span class='ocrx_word' id='word_1_253' title='bbox 561 2693 660 2741; x_wconf 85' lang='lat' dir='ltr'><strong>animum</strong></span> <span class='ocrx_word' id='word_1_254' title='bbox 676 2703 731 2737; x_wconf 82' lang='lat' dir='ltr'><strong>sane</strong></span> 
     </span>
    </p>
   </div>
   <div class='ocr_carea' id='block_1_5' title="bbox 0 0 920 2982">
    <p class='ocr_par' dir='ltr' id='par_1_6' title="bbox 0 0 920 2982">
     <span class='ocr_line' id='line_1_38' title="bbox 0 0 920 2982; baseline 0 0"><span class='ocrx_word' id='word_1_255' title='bbox 0 0 920 2982; x_wconf 95' lang='lat' dir='ltr'><strong> </strong></span> 
     </span>
    </p>
   </div>
  </div>
 </body>
</html>
