1820 2982
171 163 251 215 VAL.
260 165 399 216 ΜΔΧΙΜΙ
416 163 470 216 Lu.
481 165 513 217 V.
530 163 590 218 Cat·
604 169 625 214 l.
686 165 731 214 lli

60 294 179 343 nummum
193 295 284 346 insidiis
298 296 422 346 babituram
436 297 536 354 caedem,
547 305 601 360 quse
610 295 731 360 pltulmum

60 360 205 407 humanitatis
215 361 334 408 habuisset.
723 385 726 390 ·

93 422 144 488 (2.)
163 423 225 479 Quid
234 425 263 472 de
274 425 369 480 Quintio
381 425 486 489 Crispino
495 427 581 489 loquar,
593 427 657 490 cujus
667 438 732 475 meo·

60 489 201 536 suetudinem
207 491 356 552 potentissimi
364 490 463 548 affectus,
472 493 505 540 ira
512 500 580 554 atque
586 492 666 554 gloria,
675 507 732 554 qus·

59 561 109 602 tere
123 567 170 600 non
180 555 319 616 potuerrmt?
339 555 436 602 Badium
448 555 589 618 Qpanum
600 564 623 604 et
633 557 731 618 bospitio

59 619 221 680 benignissime
230 619 291 666 domi
306 635 354 667 suae
366 629 491 683 exceperat,
503 629 526 668 et
536 619 630 669 adversi
643 622 731 668 valeto

60 684 113 730 dine
124 691 251 746 correptum
262 683 410 732 attentissimi
420 684 474 733 curi
481 693 626 734 recmoerst.
644 686 668 732 A
677 701 730 748 quo,

60 747 184 810 postillam
195 748 301 795 nefariam
313 747 480 812 Campanorum
486 750 641 804 desectionem
650 751 673 796 in
684 751 733 798 soie

61 812 92 858 ad
106 825 205 874 pugnam
222 821 364 875 provocatus,
379 829 431 861 curn
443 822 473 861 =et
490 815 574 862 viribus
590 816 690 876 corporis
706 823 731 863 et

60 876 130 924 ammi
142 878 224 924 virtute
233 878 346 939 aliquanto
356 886 416 926 esset
425 880 533 942 superior,
548 894 641 927 mouere
654 880 731 942 ingre

59 949 118 996 tum.
135 955 203 1002 quam
214 943 310 997 vincere,
328 944 414 990 maluit.
445 951 462 974 ⁴‘
473 943 534 991 Nam
544 944 597 1004 quid
607 941 682 1005 agis,’'
694 945 730 990 in-

58 1007 116 1068 quit.
135 1013 153 1036 ⁴¹
163 1007 271 1053 demensi
283 1015 322 1054 aut
331 1023 376 1068 quo
386 1015 410 1054 te
419 1023 489 1070 prava
498 1008 607 1069 cupiditas
617 1015 731 1055 transver-

59 1085 112 1118 sum
120 1069 196 1132 rapiti
213 1071 297 1118 Parum
307 1073 374 1119 babes
381 1070 469 1134 publici
476 1072 590 1134 impietate
597 1070 677 1125 furere.
687 1071 732 1119 nisi

58 1133 233 1253 etpppppoepripppli
247 1136 420 1262 pppsuspgpppsi
445 1135 514 1183 Unus
515 1136 564 1247 ⁸pipp
574 1135 732 1247 ⁸Ippstssnorepnns

57 1215 83 1248 vr
232 1214 247 1245 n
258 1215 293 1247 rus
411 1215 434 1247 rn
453 1215 498 1260 quo
561 1215 574 1246 e
627 1212 680 1246 exer

57 1279 131 1318 arma
143 1265 207 1326 otsjus
216 1265 332 1327 penatibus
342 1271 366 1312 et
375 1264 467 1312 bonosio
477 1263 652 1312 vicissitudinem
663 1271 687 1311 et
697 1279 734 1312 sm
753 1276 755 1281 ’
807 1297 817 1320 c

56 1331 131 1377 lutera
150 1335 212 1376 tuam
229 1328 311 1376 debes?
328 1329 363 1376 At
379 1343 416 1376 me
431 1329 506 1376 loedus
522 1329 633 1383 amicius,
647 1327 732 1390 Diique

59 1392 192 1454 hospitales,
207 1399 285 1442 nucia
298 1401 376 1440 nostro
390 1393 500 1456 sanguini,
515 1395 596 1442 vestris
606 1394 733 1456 pectoribus

58 1459 116 1506 silis
132 1458 234 1521 pignora,
253 1458 328 1505 hostili
345 1459 466 1506 certamine
479 1459 587 1522 congredi
600 1466 676 1508 tecum
691 1473 733 1506 ve-

57 1529 118 1572 tant.
146 1521 209 1576 Quin
220 1522 294 1576 edun,
307 1523 360 1569 siin
371 1539 481 1572 concursu
491 1526 629 1572 exercituum
639 1523 734 1572 fortuito

57 1587 167 1637 umbonis
181 1587 225 1634 mei
240 1587 336 1650 impulsu
349 1596 485 1650 prostratum
500 1590 650 1652 agnovissem,
662 1588 734 1652 appli-

57 1661 138 1701 catum
156 1653 204 1714 J'am
227 1652 349 1699 cervicibus
368 1655 414 1700 tuis
432 1669 562 1702 mucronem
582 1653 730 1702 revocissems

57 1718 141 1766 Tuum
159 1731 215 1778 crgo
232 1718 316 1764 crimen
333 1717 362 1764 sit
379 1715 489 1780 hospitem
504 1719 605 1766 occidere
619 1719 732 1774 voluisse3

58 1797 139 1830 meum
152 1795 197 1827 non
208 1781 259 1835 eris,
272 1783 353 1844 hospes
363 1783 457 1828 occisus.
488 1781 586 1829 Proinde
599 1783 672 1835 aliam,
689 1779 734 1843 qut

58 1847 160 1898 occidas,
178 1846 292 1893 dexterm
310 1861 393 1908 quaere,
412 1846 516 1906 quoniam
532 1860 584 1892 mea
601 1853 625 1891 te
644 1861 734 1892 sersus

57 1909 167 1960 didicit.”
195 1910 268 1958 Bedit
282 1913 370 1972 utrique
380 1911 472 1958 coeleste
481 1923 565 1956 numen
576 1910 674 1956 debitum
685 1909 733 1956 exi·

58 1985 128 2033 tum;
147 1975 254 2036 siquidem
269 1976 293 2022 in
307 1991 334 2023 eo
345 1975 428 2038 proelio
439 1974 524 2021 Badius
535 1974 680 2021 obtruncatus
690 1979 732 2028 ost.

58 2039 526 2102 Qadntiusinsignlpugnioisrusevasit.
562 2036 565 2044 ’
728 2059 731 2066 ’

97 2102 149 2166 (4.)
166 2104 227 2166 Age,
245 2103 281 2150 Μ.
296 2105 400 2151 Marcelli
414 2104 546 2156 clementia*
555 2115 623 2162 qnam
638 2101 731 2156 cbnrm,

57 2183 176 2232 quamque
192 2170 335 2216 memorabile
352 2169 480 2230 exemplum
497 2167 571 2213 baberi
590 2164 667 2212 debet!
686 2163 732 2225 qui,

57 2235 134 2295 captis
146 2247 160 2279 a
170 2247 194 2278 se
203 2233 327 2293 &secusia
339 2235 363 2278 in
371 2247 422 2278 aroc
429 2245 505 2277 esrum
516 2230 624 2283 constitit,
636 2236 662 2276 ut
672 2229 733 2276 urbis

55 2299 132 2347 modo
148 2297 331 2358 opulentissime,
346 2305 401 2342 tunc
415 2295 512 2350 afflictae,
523 2294 636 2342 fortunam
647 2307 677 2340 ex
687 2295 733 2344 alto

56 2369 173 2413 cerneret·
204 2359 319 2409 Caeterum
334 2375 415 2408 casum
434 2361 482 2423 ejus
498 2359 616 2422 lugubrem
633 2360 732 2414 intuens,

55 2429 144 2477 fletum
155 2425 258 2472 cohibete
267 2423 313 2472 non
323 2426 404 2489 potuit.
424 2423 499 2480 Quem
510 2425 529 2472 si
540 2425 589 2486 quis
598 2425 691 2487 ignarus
699 2424 735 2472 vit

57 2491 211 2554 suspexisset,
225 2490 317 2537 alterius
330 2489 448 2537 vicwrism
460 2503 510 2536 esse
520 2489 656 2537 credidisset.
686 2487 734 2536 lta-

57 2571 116 2619 que,
137 2551 734 2615 Symoussuscisitssmsximicladetuialiquid

58 2618 736 2682 adminumgmnthtionisbsbuistimaissitibiinoolu·
