1820 2982
157 153 236 208 vnl-
249 156 387 237 Mnnffll
403 156 520 207 Lus-111.
537 156 600 217 Cur.
614 162 637 208 2
699 164 733 212 95

63 283 246 348 initio·lrujusoe
266 287 356 348 genesin
377 287 488 334 inchoatos
506 287 586 349 glorlae
606 287 733 340 Romulum

64 351 143 402 Cosso
151 365 242 411 quoque
247 351 343 398 multum
351 352 483 412 acquisitum
491 361 533 407 eet,
543 354 603 415 quod
611 353 736 402 Romulum

63 415 148 466 imitari
159 416 236 462 veluit.

98 478 151 545 (5.)
169 479 208 528 Ne
227 479 263 527 M.
281 481 370 540 quidem
387 479 491 528 Marcelli
509 483 640 532 memoriam
657 484 684 530 ab
702 484 737 532 his

63 545 177 608 exemplis
186 560 288 606 separare
298 546 410 596 debemus,
422 546 446 591 in
457 562 501 607 qno
510 555 586 594 tantus
594 549 661 595 animi
670 549 736 610 vigor

63 611 117 664 suit,
128 617 161 663 ut,
174 609 233 672 apud
244 608 338 664 Padum,
352 609 470 658 Gallorum
481 627 564 674 regern,
574 614 661 675 ingenti
671 609 737 660 exer·

64 677 114 722 citu
126 675 240 736 stipatum,
252 689 303 720 curn
313 676 390 736 paucis
404 675 513 736 equitibus
527 678 641 726 invaderet
648 696 655 736 ;
670 695 736 738 quern

64 739 172 802 protinus
186 740 343 786 obtruncatum
358 740 425 788 armis
439 742 509 798 exuit,
521 757 591 804 eaque
600 742 655 792 Jovi
667 743 737 792 Fere-

64 805 112 852 trio
123 805 214 852 dicarit.

101 865 150 932 (6.)
168 869 256 919 Eodem
267 875 291 918 et
300 869 390 917 virtutis
404 877 428 917 et
441 885 525 932 pugnae
539 887 624 934 genere
638 872 672 920 usi
684 879 737 922 sunt

65 933 98 984 T.
112 933 216 980 Manlius
226 934 361 996 Torqustus,
374 942 397 982 et
407 935 512 984 Valerius
524 935 620 991 Corvus,
630 944 653 986 et
661 937 738 984 AEmi·

66 999 143 1048 lie-nus
161 999 244 1060 Scipio.
270 999 305 1046 Hi
322 1000 381 1048 enim
399 1001 458 1048 ultro
473 1008 622 1063 provocantes
638 1003 737 1049 hostiurn

68 1065 139 1112 duces
154 1063 329 1121 interemerunt:
349 1065 395 1120 ned,
414 1065 466 1125 quia
483 1066 524 1112 sub
541 1065 618 1112 alienis
634 1067 737 1125 auspiciis

67 1145 118 1176 rem
136 1135 260 1190 gesserant,
278 1129 348 1190 spolio
363 1128 417 1183 Jovi
435 1129 537 1175 Feretrio
552 1145 598 1176 non
615 1137 738 1191 posuerunt

66 1194 229 1242 consecranda.
254 1191 319 1240 Idem
334 1194 409 1256 Scipio
425 1193 568 1248 AEmiliunus,
581 1209 632 1240 oum
643 1195 666 1240 in
679 1193 737 1240 His·

67 1255 136 1322 puniri
152 1259 195 1304 sub
210 1257 307 1306 Lucullo
326 1259 383 1305 duce
401 1259 512 1312 militaret,
533 1265 599 1319 atque
617 1257 739 1307 Intercatia

68 1323 218 1386 praevslidurn
227 1324 332 1386 oppidum
343 1324 547 1377 circumsederetur,
559 1323 644 1385 primus
655 1323 739 1370 moenin

69 1391 120 1452 ejus
130 1388 269 1436 conscendit.
297 1387 379 1449 Neque
386 1397 434 1436 eret
444 1389 468 1434 in
476 1405 503 1436 eo
514 1388 613 1436 exercitu
621 1389 738 1450 quisquam

69 1461 110 1500 nut
118 1453 242 1506 nobilitate,
254 1459 293 1499 aut
301 1453 368 1500 animi
376 1453 457 1508 indole,
467 1452 593 1501 autfuturis
601 1454 662 1508 netis,
676 1455 739 1516 cujus

69 1519 138 1566 sunu
149 1518 223 1580 magis
233 1517 294 1579 porci
304 1525 328 1565 et
338 1519 424 1565 consuli
432 1519 533 1566 deberet:
548 1519 587 1566 sed
597 1527 651 1566 tunc
663 1520 739 1566 claris-

69 1584 143 1634 simus
158 1584 252 1644 quisque
260 1583 378 1645 juvenum,
396 1599 438 1645 pro
452 1581 605 1646 amplificandi
619 1591 642 1631 et
656 1582 740 1631 tuendi

69 1646 150 1711 patrii.
169 1648 289 1710 plurimum
304 1647 384 1694 loboris
401 1663 427 1694 oc
443 1649 536 1710 periculi
552 1650 681 1704 sustinebat,
700 1650 740 1696 de·

70 1713 146 1762 forme
155 1713 196 1760 sibi
206 1713 342 1765 existimans,
352 1727 409 1772 quos
419 1713 528 1774 dignitate
535 1721 658 1774 praestaret,
671 1715 698 1761 ab
705 1715 741 1760 his

72 1779 159 1824 virtute
170 1777 275 1840 superori.
303 1775 402 1837 Ideoque
416 1777 551 1824 AEmilianus
562 1780 619 1824 hanc
630 1779 740 1832 militiam,

70 1843 123 1890 aliis
134 1849 225 1905 propter
235 1841 388 1888 difficultatem
399 1842 528 1893 vitentibus,
541 1842 581 1888 sibi
591 1842 728 1902 depoposcit.

105 1905 155 1971 (7.)
173 1907 286 1968 Magnum
297 1906 412 1956 interhaec
419 1905 556 1952 fortitudinis
564 1906 690 1966 exemplum
698 1921 740 1952 en.
823 1924 825 1927 ·

72 1973 165 2035 tiquitss
173 1971 245 2018 offirt.
263 1970 370 2025 Romani,
382 1971 500 2018 Gallorum
508 1970 607 2016 exercitu
614 1969 679 2030 pulsi,
689 1985 741 2016 cum

73 2054 99 2084 se
116 2037 141 2084 in
156 2033 292 2097 Capitolium
310 2042 334 2084 et
347 2035 371 2082 in
387 2051 462 2084 urcem
476 2033 613 2087 conferrenty
626 2035 694 2093 inque
707 2034 743 2080 his

71 2103 166 2150 collibus
177 2101 259 2148 morari
270 2116 348 2148 omnes
359 2115 405 2148 non
413 2107 505 2164 possent
511 2116 519 2157 ς
531 2098 679 2146 necessarium
689 2113 744 2146 con-

72 2167 149 2214 silium
159 2165 184 2214 in
197 2163 264 2227 plani
277 2167 337 2213 urbis
351 2173 414 2228 purte
424 2167 537 2213 seniorum
548 2162 743 2224 relinquendorum

73 2237 190 2294 ceperunt,
206 2246 251 2291 quo
260 2230 461 2292 faciliusjuventus
476 2229 579 2291 reliquias
593 2227 679 2291 imperii
694 2235 744 2278 tue·

73 2306 145 2344 retur.
175 2293 291 2344 Caeterum
306 2311 335 2344 ne
345 2297 384 2342 illo
395 2297 484 2358 quidem
495 2303 541 2342 tam
552 2295 641 2348 misero,
654 2300 745 2354 tumque

74 2363 180 2410 luctuoso
197 2368 305 2423 ternpore,
324 2361 402 2408 civitas
417 2369 495 2408 nostra
508 2361 597 2408 virtutis
615 2374 663 2406 eune
677 2359 746 2406 oblitu

73 2434 117 2474 est.
147 2425 259 2474 Defuncti
268 2427 328 2474 enirn
343 2426 471 2480 honoribus,
487 2426 657 2488 spertisJanuin
670 2425 693 2470 in
706 2439 745 2470 eu-

73 2492 160 2539 rulibus
169 2493 236 2545 sellis,
246 2507 297 2538 curn
308 2491 432 2552 insignibus
442 2491 614 2551 magistratuum
624 2505 681 2550 quos
692 2503 745 2550 ges-

75 2563 159 2611 serent,
176 2557 394 2616 noerdotiorumque
408 2571 460 2616 quae
470 2564 534 2602 erent
544 2555 625 2616 edepti,
638 2553 746 2600 consede-

76 2629 146 2679 runt;
164 2629 189 2668 ut
202 2629 226 2668 et
239 2621 281 2683 ipsi
296 2621 320 2667 in
335 2635 416 2668 occasu
430 2635 472 2666 suo
487 2621 628 2682 splendorem
643 2626 666 2666 et
680 2631 748 2663 orno-

77 2693 154 2737 menn
162 2687 215 2736 vitre
226 2686 346 2750 proeteritae
357 2685 485 2740 retinerent,
497 2692 521 2732 et
531 2685 617 2794 plebem
628 2681 656 2729 nd
666 2681 747 2728 lortius

180 2778 184 2784 ·
505 2763 520 2794 r
