1828 2982
168 179 247 232 VAL.
261 181 400 234 MAXIMI
416 181 471 234 [τι
483 181 529 234 VI.
549 181 609 235 cn.
620 187 646 232 2.
696 185 746 232 ms

68 305 115 356 Sed
130 309 184 372 quie
199 312 304 359 hummae
321 311 376 359 vitee
394 318 469 374 partes
484 309 587 374 persequi
603 310 745 376 propositum

68 381 110 429 ert.
123 375 203 424 uoetrd
211 375 263 431 fide,
275 374 364 439 proprii
375 377 532 430 aestimatione.
545 376 661 424 referetur.

100 438 151 504 (l.)
169 439 280 489 Priverno
291 448 364 503 capto,
376 441 543 504 interfectisque
553 442 592 502 qui
603 441 627 487 id
638 440 745 504 oppidum
765 445 768 458 ¹

66 503 96 551 ed
107 505 259 552 rebellandum
270 506 423 560 incitaverunt,
440 514 530 554 senetur
540 506 696 570 indignatione
706 520 744 552 ec·

65 583 149 617 censue
164 570 281 616 consilium
297 571 403 632 agitabat,
423 571 530 632 quidnam
548 571 589 618 eibi
606 570 742 630 dereliquid

66 649 158 696 quoque
174 633 342 681 Privernatibus
357 635 484 682 faciendum
500 643 567 683 esset.
586 633 687 697 Ancipiti
698 635 744 696 igin

66 705 105 746 tur
121 715 175 746 cusu
192 700 252 746 euius
267 715 345 746 eorum
361 699 489 754 fluctuabat,
507 701 586 747 eodem
602 707 705 762 tempore
720 706 744 746 et

66 763 191 812 victoribus
202 771 226 810 et
236 764 297 810 iretis
309 765 413 826 subjecte.
436 763 558 820 Caeterum,
571 780 623 812 cum
634 765 742 812 auxilium

66 829 161 874 unicum
172 829 195 873 in
206 829 309 890 precibus
322 836 406 876 reetere
422 831 631 882 animadverterent,
649 828 743 891 ingenui

65 899 91 938 et
103 891 177 940 Italici
189 894 304 955 sanguinis
315 894 416 941 oblivisci
427 909 473 952 non
484 901 613 956 potuerunt.
632 892 743 955 Princeps

65 957 128 1004 euim
141 973 218 1004 eorum
229 959 252 1004 in
263 956 325 1005 curii
341 958 501 1021 interrogetur,
514 974 582 1019 quum
593 973 684 1020 poeuum
695 973 744 1004 me·

66 1029 179 1076 terentur,
191 1023 312 1085 respondit,
331 1030 347 1054 “
356 1023 434 1084 Quum
443 1030 564 1078 merentur,
577 1023 615 1084 qui
624 1024 649 1069 ed
660 1023 743 1084 dignoe

65 1086 306 1150 uberutejudiernt”
323 1086 405 1136 Verbis
416 1103 478 1135 erma
488 1095 606 1141 sumserat,
624 1101 743 1148 exaspere-

66 1158 151 1212 toeque
161 1151 255 1200 Petrum
266 1153 443 1216 conscriptorum
460 1153 548 1202 animos
559 1150 745 1198 inflmmaverrt.

67 1215 116 1264 Sed
128 1215 232 1264 Plautius
242 1218 328 1272 consul,
340 1217 420 1266 favens
437 1211 604 1264 Privemetium
616 1231 697 1270 causer,
709 1231 746 1262 re·
812 1233 814 1238 ·

65 1283 419 1409 erem

66 1415 115 1458 tete
126 1409 216 1458 donati.
235 1411 270 1460 At
280 1413 300 1460 ie
310 1413 492 1460 constantissimo
508 1412 580 1466 vultu,
601 1419 616 1442 “
625 1411 650 1458 Si
661 1411 744 1457 bonum

65 1474 200 1530 dederitir‚”
212 1476 290 1538 inquit,
310 1484 326 1508 “
333 1485 478 1540 perpetuum:
498 1477 517 1524 si
529 1478 617 1532 melum,
637 1491 682 1522 non
694 1475 743 1521 diu-

64 1539 186 1588 tumem.’'
204 1539 258 1596 Qut
268 1557 325 1590 voce
335 1542 459 1604 perfeetum
470 1550 512 1597 eet,
530 1549 556 1589 ut
571 1542 638 1589 victie
648 1555 694 1588 non
706 1555 743 1588 eo-

64 1604 200 1717 lumdterrgtie,
213 1607 252 1654 sed
259 1607 376 1672 ,etiumjur
386 1615 409 1655 et
419 1607 552 1656 beneficium
563 1615 648 1654 nortrre
666 1606 745 1654 civite·

64 1669 104 1724 fil,
182 1686 217 1718 ure

100 1732 149 1798 (2.)
167 1733 205 1782 Sic
221 1735 246 1782 in
261 1742 340 1783 senatu
355 1735 476 1784 Privernas
491 1735 554 1796 loqui
570 1751 637 1783 rurus
653 1743 695 1782 eet.
712 1733 744 1782 L.

63 1813 122 1846 vero
134 1797 251 1861 Philippus
268 1801 347 1846 consul
362 1800 469 1847 adversus
485 1800 588 1846 eumdem
605 1799 706 1846 ordinem
716 1800 744 1846 li-

64 1865 178 1910 bertntem
189 1879 294 1911 exercere
304 1879 351 1911 non
362 1863 478 1910 dubitavit
497 1861 559 1910 Nem
571 1863 691 1925 segnitiem
701 1879 742 1924 pro

64 1928 160 1976 Rostris
170 1929 313 1991 exprobrans,
328 1929 372 1976 elio
382 1929 424 1975 eibi
440 1931 519 1974 senatu
536 1943 592 1989 opue
608 1942 658 1974 esse
669 1927 740 1974 dixit:

65 1999 201 2056 tantumque
219 2009 233 2040 e
251 1990 384 2055 poenitentii
402 1991 456 2040 dicti
474 1991 551 2046 abfuit,
578 1997 604 2038 ut
623 1991 690 2038 etiem
710 1989 741 2038 L.
792 2001 794 2010 ’

66 2055 162 2112 crasso,
180 2073 276 2105 rnrnmae
287 2057 403 2120 dignitatis
413 2064 437 2104 et
453 2055 590 2117 eloquentiae
606 2055 662 2108 viro,
680 2055 704 2100 id
719 2057 743 2101 in

63 2120 127 2170 curii
138 2123 239 2186 graviter
248 2122 337 2177 ferenti,
349 2137 442 2170 menum
453 2122 514 2184 injici
526 2122 624 2183 juberet
644 2117 694 2173 Ille,
707 2135 743 2166 re·

60 2190 126 2250 Jecto
145 2189 232 2242 lictore,
251 2187 332 2235 “Non
351 2186 401 2240 ee‚”
422 2188 502 2248 inquit,
521 2193 537 2215 ‘⁴
546 2185 608 2238 mihi,
629 2183 741 2248 Philippa,

63 2253 154 2308 consui,
166 2253 219 2313 quie
229 2267 271 2300 nee
282 2268 326 2315 ego
337 2252 427 2313 quidem
438 2252 478 2298 tibi
489 2257 579 2298 senutor
589 2247 664 2296 rum-'¹

67 2340 69 2348 v
98 2315 149 2382 (3.)
168 2317 250 2371 Quid?
264 2317 373 2380 populum
390 2319 417 2364 ab
427 2317 520 2363 incursu
532 2331 574 2362 run
588 2321 663 2361 tutum
673 2313 742 2360 iiber-

64 2389 101 2430 ω
112 2381 222 2444 reliquit?
233 2383 304 2429 immo
315 2390 338 2430 et
350 2382 452 2428 similiter
462 2396 578 2444 eggressu,
590 2387 614 2426 et
624 2393 689 2440 teque
700 2393 741 2426 ex-

63 2453 129 2510 perte
139 2447 269 2510 patientium
281 2454 323 2495 eet.
343 2445 373 2496 C.
383 2444 465 2499 Carbo,
485 2446 588 2492 tribunus
601 2445 680 2506 piebis,
699 2457 742 2490 nu·

64 2527 107 2575 per
126 2513 222 2575 uepnltae
242 2513 384 2560 Gracchanae
402 2511 518 2558 reditionis
535 2509 743 2557 turbulentissimus

64 2577 158 2631 uindex,
174 2577 280 2640 idemque
291 2577 411 2625 orientium
423 2575 522 2622 civilium
533 2575 645 2622 melorum
655 2574 694 2621 i'ex
704 2589 741 2622 ur·

65 2641 204 2696 dentiusima,
217 2642 246 2689 P.
259 2640 392 2689 Africanum
403 2639 558 2687 eNumuntiae
568 2639 639 2686 ruinis
650 2655 740 2686 nummo

66 2722 120 2756 cum
130 2706 212 2771 gleriae
221 2705 313 2772 fulgure
327 2706 463 2760 venientem
482 2706 511 2752 ub
527 2701 576 2767 ipse
593 2719 660 2767 pene
676 2701 743 2768 porti
