1820 2982
186 183 234 230 154
288 181 366 232 VAL.
379 181 517 234 MAXIM}
533 181 586 236 Lu.
597 185 644 236 1v.
658 185 720 238 Cn.
730 191 760 240 40'

185 317 251 358 runt:
265 311 368 374 ingentes
378 315 476 362 liostium
485 316 559 380 coplas
568 316 777 380 pessumdederunt:
788 325 848 376 qute-

183 391 227 436 que
237 377 304 423 modo
314 379 424 426 mutium
434 381 502 426 boum
508 381 591 444 jugum
606 388 717 436 rexerant,
728 381 845 442 triuumphu-

183 440 212 486 lis
227 442 304 488 currus
322 442 417 490 habenas
434 445 573 492 retinuerunt
578 463 586 504 3
603 461 646 494 nec
662 445 706 493 fuit
724 446 752 492 iis
769 443 844 496 rubori·

184 504 281 552 ebur-nco
292 505 391 567 scipione
401 509 509 570 deposito,
527 517 638 572 agrestem
649 511 729 558 stivam
739 510 805 556 aratri
815 523 845 554 re·

183 575 265 629 petere.
284 569 363 616 Potest
373 587 481 634 pauperes
492 576 601 622 consolari
612 575 709 622 Atilius:
730 575 770 623 sed
779 573 844 620 multu

183 633 256 693 magis
267 634 347 680 docere
357 636 487 698 locupletas,
505 655 570 699 quam
582 655 627 686 non
638 640 667 686 sit
678 638 802 686 necessaris
811 652 843 682 so-

183 697 235 744 lidae
245 697 316 744 laudis
327 701 424 762 cupidini
435 703 501 749 anxia
512 703 636 750 divitiarum
648 701 796 764 comparatio'
887 713 888 750 l

216 760 265 824 (6.)
282 763 392 825 Ejusdem
404 768 500 813 nominis
511 775 534 814 et
545 769 659 830 sanguinis
674 769 760 816 Atilius
770 767 844 828 Regu-

184 826 226 879 lus,
238 828 304 888 primi
316 828 397 876 Punici
407 832 458 877 belli
469 833 546 893 gloria.
559 834 676 894 cladesque
686 834 791 883 maximus
799 845 844 879 cum

183 890 207 936 iu
219 890 298 938 Africi
308 895 489 942 insolentissimae
498 895 640 959 Carthaginis
649 912 702 959 opes
712 897 795 943 crebris
805 897 846 942 ric-

184 956 247 1002 toriis
258 958 411 1013 contunderet,
424 975 450 1006 ac
461 969 605 1023 prorogatum
617 963 657 1008 sibi
668 963 696 1008 ob
706 963 764 1008 bene
774 967 845 1022 gestu

184 1021 254 1066 resin
264 1024 391 1084 proximum
408 1039 492 1070 annum
502 1027 619 1088 imperium
630 1033 786 1088 cognosceret,
798 1039 846 1072 cou-

184 1085 269 1132 sulibus
279 1087 373 1150 scripsit,
391 1089 490 1135 villicum
500 1090 524 1136 iu
534 1091 615 1152 agello,
633 1105 699 1151 quem
715 1097 802 1152 septem
813 1091 847 1150 ju-

183 1165 264 1211 gerum
280 1151 304 1197 in
321 1151 417 1214 Pupinii
432 1155 531 1208 habebat,
549 1163 662 1202 mortuum
678 1170 736 1208 esse,
753 1155 847 1202 occasio·

184 1227 281 1276 narique
291 1225 381 1264 nactum
390 1219 560 1272 mercenarium,
575 1228 651 1266 amoto
661 1220 714 1266 inde
724 1220 808 1266 rustico
817 1219 848 1264 ia·

184 1285 318 1334 strumento,
330 1281 472 1328 discessisse:
486 1282 579 1344 ideoque
590 1291 665 1345 petere
675 1291 700 1330 ut
711 1284 752 1330 sibi
764 1297 848 1330 sucoss-

185 1358 223 1388 sor
234 1345 366 1398 mitteretur,
378 1360 414 1400 ne,
427 1346 515 1392 deserto
525 1363 587 1409 agro,
600 1363 645 1393 non
656 1355 716 1394 esset
726 1348 787 1394 uude
797 1357 849 1400 uxor

184 1420 211 1453 ac
222 1407 283 1454 liberi
295 1409 329 1454 sui
339 1409 458 1456 alerentur.
478 1411 538 1464 Quae
548 1419 664 1473 postquam
674 1419 765 1460 senatus
776 1428 791 1459 a
800 1426 849 1461 cou-

185 1471 268 1517 sulibus
279 1473 371 1534 accepit,
383 1481 406 1520 et
414 1489 494 1536 ugrum
503 1476 567 1522 Atilii
577 1477 636 1523 illico
647 1477 767 1524 colendum
777 1476 848 1525 locsr'u
888 1506 889 1546 p

185 1542 208 1581 et
224 1536 328 1582 alimenta
345 1537 437 1600 conjugi
456 1541 504 1602 ejus
521 1556 547 1587 ac
565 1541 639 1587 liberis
654 1541 756 1602 praeberi,
774 1554 849 1601 resque
888 1555 889 1572 ¹

185 1614 239 1659 quus
250 1601 361 1654 mulserat,
380 1602 458 1648 redimi
474 1605 568 1665 publice,
583 1605 659 1666 jussit.
686 1604 756 1652 Tanti
774 1606 849 1652 aemrio
888 1627 889 1630 ¹

184 1671 262 1710 nostro
274 1665 363 1711 virtutis
373 1666 481 1714 Atilisnae
496 1669 637 1732 exemplum·
646 1685 690 1730 quo
707 1671 783 1718 omnis
799 1677 849 1718 ens

185 1727 291 1776 Bamana
301 1730 438 1792 gloriabitur,
452 1733 521 1780 stetit.

217 1792 267 1856 (7.)
284 1795 361 1855 AEque
377 1811 459 1858 magns
476 1799 591 1846 latifundia
610 1797 639 1844 L.
657 1798 747 1853 Quintil
756 1797 848 1848 Lincin-

184 1859 231 1905 uati
242 1857 346 1906 fuerunt:
367 1868 452 1922 septem
469 1863 528 1908 euim
541 1865 624 1926 jugera
634 1865 682 1926 egri
692 1865 807 1926 possedit:
824 1877 850 1910 an

184 1925 263 1984 hisque
274 1925 322 1978 tria,
335 1939 387 1984 quae
397 1941 438 1986 pro
449 1927 521 1973 amico
535 1928 563 1974 ad
574 1929 676 1974 :crurium
687 1929 848 1990 obsignarent,

184 1989 263 2035 multae
274 1989 365 2034 nomine
375 1990 456 2036 amisit.
484 1989 580 2038 Poenam
591 2007 679 2052 quoque
688 2008 730 2054 pro
740 1993 789 2040 lilio
800 1993 849 2042 Ce-

186 2067 247 2106 sone,
265 2053 326 2113 quod
336 2053 365 2100 ad
375 2069 464 2100 oaumm
475 2055 590 2102 dicendam
603 2071 649 2102 uon
659 2058 802 2111 occurrisset,
813 2059 849 2103 lu·

180 2119 220 2179 jus
230 2118 297 2179 agelli
308 2117 380 2163 reditu
390 2119 464 2164 solvit.
492 2119 525 2165 Et
541 2127 616 2166 tamen
627 2121 655 2174 ei,
671 2128 768 2182 quatuor
774 2124 850 2184 jugera

185 2183 263 2234 aranti,
276 2196 322 2227 non
334 2182 406 2228 solum
417 2183 514 2244 dignitas
525 2184 683 2245 patrisfamiliae
694 2187 804 2240 constitit,
816 2184 849 2232 ssd

184 2246 251 2292 etiarn
262 2246 371 2292 dictatura
385 2247 507 2294 deuocasse
527 2249 633 2310 Anguste
644 2265 667 2295 se
683 2251 784 2298 habitare
795 2264 849 2297 nunc

184 2317 254 2368 putat,
268 2311 330 2370 cujus
341 2309 422 2356 domus
432 2319 520 2358 tantum
528 2319 596 2375 patet,
605 2320 713 2374 quantum
726 2313 850 2363 Cincinnati

186 2387 236 2416 rura
246 2380 373 2431 patuerunt.

219 2431 267 2495 (8.)
278 2433 357 2486 Quid?
368 2436 430 2484 AElia
439 2438 529 2494 familis,
541 2455 607 2500 quam
614 2441 727 2502 locuples!
741 2441 848 2490 sexdecim

185 2497 263 2543 eodem
274 2503 374 2558 tempore
385 2501 441 2548 AElii
450 2503 549 2558 fuerunt,
567 2506 645 2565 quibus
660 2519 705 2552 una
717 2504 848 2552 domuncul-

128 2595 134 2606 .
185 2565 233 2605 crat
243 2559 321 2606 eodem
332 2562 383 2616 loci,
395 2580 440 2624 quo
450 2581 511 2614 nunc
522 2576 575 2622 suut
586 2569 690 2616 Mariana
699 2569 846 2623 monimentis

184 2630 208 2670 et
218 2635 277 2669 unus
286 2622 310 2668 in
320 2639 376 2686 agro
384 2625 481 2678 Veiente
490 2630 581 2689 fundus.
598 2633 672 2684 minus
682 2634 768 2684 mullos
778 2632 846 2682 errito-
