1828 2982
178 174 231 220 25!
280 171 358 222 vat.
372 171 509 221 Maxrral
526 169 579 220 Lu
590 165 636 220 Vi.
655 169 751 221 casa

177 301 274 350 mobrte
291 302 371 349 tulisse
387 300 489 354 traditur,
510 299 570 362 quod
588 299 637 352 sibl,
657 295 800 362 upcrriraum
819 301 848 346 in

179 363 258 412 Africi
274 365 357 413 mnam
371 365 465 428 gerenti,
484 373 530 412 tam
547 365 654 412 delicatus
670 373 769 425 quaestor
785 371 848 412 sorte

179 429 312 477 obvenisset.
339 430 449 496 Ejmdem
466 429 544 484 virtus,
557 429 619 490 qusai
635 430 745 492 perruptis
761 436 786 476 et
801 431 849 476 dia·

172 495 242 557 Jectis
263 495 375 555 nequitia,
396 493 440 556 qud
459 493 605 548 obddebatur,
624 493 734 547 clemins,
755 501 847 542 caim

177 558 300 620 «iugurtha¹
310 561 412 606 manibus
423 560 512 623 injecit:
527 558 681 606 Mithridatem
692 559 843 620 componente

178 623 266 670 socialis
279 624 331 670 belli
346 624 428 671 fluctus
443 625 560 686 repressitr
580 623 662 672 Cinnae
671 623 847 670 dominationem

177 685 261 750 fregit3
278 703 380 750 eumque,
398 689 435 750 qui
450 705 475 735 re
489 689 512 734 in
527 686 606 735 Africi
615 695 749 748 quaestorem
759 687 847 734 fastidi·

176 759 233 805 erat,
248 753 309 799 illam
324 755 394 815 ipsam
405 753 542 816 provinciam
553 753 700 815 proscriptum
711 760 735 799 et
745 753 846 800 exsulen

176 820 253 878 peiere
269 818 351 880 adegit.
383 818 443 873 Qum
461 825 507 865 tam
526 818 620 871 diversa,
638 825 729 878 tamque
744 818 805 864 iuter
822 833 847 864 ae

176 883 295 936 contraria,
310 884 328 930 si
340 883 389 944 quis
400 883 458 946 apud
468 883 567 930 animum
579 897 643 930 mum
654 882 772 930 attentiore
783 897 847 928 com·

175 947 291 1008 paratione
301 949 426 1010 expendere
436 947 496 1001 velit,
508 948 565 994 duos
575 949 599 993 in
610 961 655 994 uno
669 947 758 993 homine
769 945 845 994 Sullas

173 1009 244 1058 iuism
259 1013 388 1060 crediderit:
407 1019 496 1074 turpem
510 1012 707 1064 adolescentulum,
724 1017 748 1057 et
758 1011 842 1065 virum,

174 1075 272 1187 fflcerem
287 1077 377 1132 fortem,
395 1077 438 1124 nisi
454 1077 502 1139 ipae
516 1078 621 1126 Felicem
635 1091 660 1124 ae
673 1075 776 1138 appellari
793 1091 843 1123 ms-

199 1141 260 1188 isset

207 1205 253 1266 (7.)
271 1206 355 1268 Atque,
378 1214 403 1254 ut
421 1206 559 1252 nobilitatem
577 1204 683 1252 boeleio
702 1204 843 1267 poenitentiae

171 1269 269 1332 reipsam
283 1271 440 1318 admonuimus
454 1270 570 1332 respicere,
587 1271 619 1316 ita
633 1270 711 1316 altiora
720 1269 788 1315 modo
800 1285 842 1316 suo

172 1348 262 1395 sperare
272 1351 339 1382 ausos
350 1337 499 1383 subtexamus.
514 1334 551 1381 Tr.
560 1333 669 1387 Aufidius,
682 1349 734 1381 cum
746 1334 843 1380 Asiatici

171 1399 253 1460 publici
262 1401 366 1462 exiguam
378 1400 497 1447 admodum
507 1399 637 1462 particulam
648 1399 765 1452 habuisset,
777 1407 843 1460 post-

171 1477 199 1509 ea
216 1470 287 1510 totam
302 1465 380 1512 Asiam
392 1465 543 1527 proconsulari
554 1464 647 1525 imperio
657 1463 757 1510 obtinuit.
789 1462 841 1510 Nec

171 1527 281 1588 indignati
293 1536 346 1575 sunt
356 1531 411 1575 socii
421 1531 470 1592 eJus
480 1533 557 1591 palere
565 1527 669 1582 fascibus,
686 1543 754 1589 quem
767 1528 840 1574 alicua

172 1591 289 1639 tribunalia
302 1593 429 1640 adulantem
444 1595 553 1640 viderant
577 1593 656 1640 Gessit
669 1593 736 1640 etiam
747 1607 771 1638 se
780 1593 840 1640 intc-

171 1656 268 1716 gerrime
285 1664 352 1716 atque
368 1657 551 1720 splendidissime,
568 1672 640 1718 eoque
660 1657 728 1704 modo
746 1657 838 1704 dmonss

173 1721 259 1774 stravit,
277 1722 395 1783 pristinum
413 1731 524 1784 quaestum
541 1737 607 1768 suum
617 1721 722 1777 sonuum,
741 1735 839 1783 praesent

168 1799 226 1898 ἓξὲξ
236 1785 350 1849 dignitatis
360 1789 524 1835 incrementum
533 1787 633 1834 monbua
643 1787 719 1850 ipsius,
734 1786 837 1849 imputari

226 1867 258 1898 re.

202 1914 252 1980 (8.)
270 1917 304 1964 At
324 1915 351 1963 P.
372 1917 477 1979 Rupilius
496 1931 542 1963 non
560 1917 702 1980 publicanum
719 1916 743 1962 in
763 1913 837 1964 siout

170 1981 225 2043 egit,
243 1981 282 2030 sed
296 1997 374 2044 operas
388 1982 510 2044 publicanis
521 1981 587 2028 dedit
615 1979 679 2028 Idem
690 1981 790 2027 ultimam
802 1981 836 2026 in·

169 2046 242 2108 opiam
254 2061 323 2100 suam,
335 2053 451 2094 auctorato
462 2045 528 2093 sociis
539 2045 621 2098 officio,
633 2046 773 2092 sustentavit.
798 2044 836 2091 Ab

168 2111 212 2156 boc
223 2111 366 2173 postmodum
377 2111 470 2158 consule
480 2112 543 2173 leges
552 2111 650 2158 universi
662 2110 731 2157 Siculi
745 2123 835 2170 accepe-

158 2175 227 2230 runt,
245 2175 429 2238 acerbissimoque
438 2175 570 2238 praedonum
581 2189 607 2222 ac
617 2174 764 2237 fugitivorum
776 2173 834 2220 bello

166 2238 253 2286 libenti
264 2248 335 2288 sunt·
349 2239 433 2288 Portus
443 2242 511 2304 ipsos,
524 2241 543 2287 si
553 2239 602 2301 quir
614 2239 681 2286 modo
690 2240 761 2286 mutis
771 2239 835 2285 rebus

166 2303 227 2350 inest
237 2319 323 2360 ιειιιιιι,
335 2313 420 2354 tantm
430 2307 454 2352 in
465 2307 544 2353 eodem
552 2305 643 2352 bomine
653 2303 782 2351 sansures
790 2314 835 2350 aas·

166 2367 204 2412 tiis
214 2368 334 2416 admissam
345 2371 445 2417 arbitror.
475 2370 551 2425 Qun
562 2370 622 2418 enirn
633 2369 723 2416 diurnas
732 2375 834 2431 capturas

165 2430 295 2490 exigentem
313 2434 523 2489 animadverterant,
547 2435 650 2484 eumdem
664 2435 717 2496 jura
735 2434 831 2487 deutoro.

163 2493 291 2554 classesque
301 2503 325 2542 et
335 2498 446 2544 exercitus
456 2505 579 2560 regentem,
591 2499 702 2546 viderunt.
720 2511 724 2522 ·

197 2553 246 2617 (9.)
263 2557 555 2611 asambrunensis
565 2564 638 2626 mque
647 2563 757 2625 upum.
786 2559 833 2607 a·-

165 2617 216 2692 culo
233 2628 306 2681 “ptos
325 2621 371 2671 cn.
385 2624 514 2689 Pompeius,
531 2627 613 2691 Magni
626 2635 697 2690 pater,
713 2625 741 2673 P.
750 2623 831 2672 Venti-

164 2681 233 2736 uun,
253 2691 319 2733 etate
333 2687 446 2748 puberem,
462 2692 486 2738 in
500 2691 614 2756 triumpho
625 2707 667 2741 ruo
677 2689 753 2756 popli
764 2689 833 2740 oculi·
