1820 2982
186 173 219 218 80
291 167 371 218 VAL.
384 166 524 218 uanus
540 166 641 218 Lan-II.
655 167 751 220 Gen&

184 299 296 350 Marcello
306 299 336 346 ob
345 303 421 361 csptss
432 297 562 360 Syracusas,
578 293 704 362 triumphus
719 311 766 346 non
776 297 856 346 decer«

184 378 292 422 neretur3
308 364 376 424 quod,
394 363 422 410 ad
437 379 475 410 eas
492 379 527 410 res
541 364 658 425 gerendas,
676 364 725 410 sine
735 363 780 410 ullo
792 365 855 412 missi

184 437 250 479 erant
265 430 405 490 magistratu.
435 427 562 477 Probentur
572 444 632 474 nunc
643 429 759 492 cujuslibet
772 429 855 490 gloria

185 493 266 556 cupidi,
279 494 354 553 quiex
365 493 458 539 desertis
469 493 588 547 montibus,
601 509 808 554 myoparonumque
817 493 855 555 pi-

185 558 260 606 raticis
271 558 356 610 rostris,
375 557 445 604 laudis
456 557 534 619 inopes
550 558 632 604 laureae
648 559 745 604 ramulos
760 557 855 605 festina-

183 620 258 672 bundi
264 637 332 668 manu
340 621 504 682 decerpserunt.
514 620 657 685 Carthaginis
662 623 754 684 imperio
760 623 856 684 abrupta

184 687 302 749 Hispania,
314 694 338 734 et
349 687 432 733 Siciliae
442 694 509 749 caput
518 687 628 734 abscisum
638 687 762 748 Syracusae,
771 687 854 733 trium-

185 753 262 815 phales
268 754 366 814 jungere
376 766 455 798 currus
466 752 621 812 nequiverunt.
643 751 677 799 Et
687 752 766 812 qulbus
776 751 851 798 viris?

186 817 285 878 Scipioni
301 824 325 862 et
343 816 454 862 Marcello
464 833 472 874 ς
491 831 585 877 quorum
605 817 652 879 ipss
673 817 763 863 nemim
780 817 854 863 instar

185 882 264 930 oetcrni
275 887 328 929 sunt
338 881 451 942 triumphi.
468 881 513 928 Sed
521 881 654 928 clarissimos
662 881 738 930 solidae
746 895 855 941 veraeque

183 947 273 994 virtutis
284 953 393 1006 auctores,
405 946 504 992 humeris
515 947 560 993 suis
569 947 662 994 salutem
672 947 749 1008 patriae
759 953 855 1006 gestau-

184 1018 226 1066 tes,
247 1012 289 1058 etsi
307 1018 425 1058 coronatos
439 1011 520 1057 intueri
537 1019 627 1059 senams
642 1011 748 1074 cupiebat,
759 1010 855 1073 justiori

183 1084 259 1124 tamen
270 1076 416 1124 reservandos
426 1076 509 1122 laureae
518 1077 613 1137 putavit

217 1139 264 1206 (6.)
282 1141 329 1188 His
338 1141 394 1188 illud
404 1142 540 1187 subnectam.
563 1141 639 1188 Moris
653 1147 707 1195 erat,
719 1139 746 1187 ab
756 1139 855 1202 impera-

183 1213 233 1254 tore
244 1207 381 1269 triumphum
392 1206 486 1252 ducturo
497 1206 600 1253 consules
610 1207 699 1254 invitari
709 1205 737 1252 sd
747 1219 853 1263 coenam;

183 1271 263 1318 deinde
274 1272 356 1333 rogari,
368 1277 393 1316 ut
403 1270 481 1317 venire
489 1271 660 1331 supersedeaut;
676 1285 706 1318 ne
715 1270 763 1330 quis
771 1285 800 1316 eo
807 1269 853 1323 (lie,

184 1352 228 1396 quo
243 1337 280 1382 ille
294 1333 443 1396 triumphirit,
462 1335 553 1398 majoris
569 1336 594 1382 in
610 1336 690 1382 codem
705 1334 808 1382 convivio
822 1335 856 1382 sit

186 1415 379 1526 imilllhlserum,
390 1464 493 1524 quamvis
504 1465 553 1525 quis
563 1464 681 1525 praeclaras
689 1479 731 1518 res,
743 1462 855 1512 maxime-

185 1543 229 1588 que
240 1528 306 1574 utiles
323 1529 449 1588 reipublicae
460 1529 520 1576 cirili
533 1530 592 1575 bello
602 1529 715 1591 gessisset,
733 1529 856 1590 imperator
897 1555 898 1587 i

183 1599 259 1639 tamen
269 1607 297 1638 eo
308 1593 399 1639 nomine
409 1593 532 1655 appellatus
547 1608 593 1640 non
604 1601 653 1652 est3
671 1609 712 1642 nec
729 1594 783 1640 ullse
800 1609 854 1656 sup-

182 1657 313 1719 plicationes
324 1657 420 1704 decretae
431 1664 498 1716 sunt;
516 1673 588 1718 neque
602 1665 641 1706 aut
656 1673 726 1707 ovans
736 1665 775 1706 aut
786 1674 854 1706 curru

182 1721 344 1784 triumphavit3
361 1723 419 1782 qnia,
438 1729 464 1769 ut
479 1723 611 1770 necessariis
624 1725 682 1778 iatae,
700 1725 732 1772 ita
745 1724 854 1786 lugubres
895 1765 896 1787 ἢ

183 1803 271 1850 semper
281 1787 416 1834 existimatae
425 1788 527 1835 victorias
537 1795 597 1842 sunt,
607 1795 685 1852 utpote
692 1803 738 1836 non
749 1791 853 1850 extetplo,

184 1853 224 1900 sed
240 1853 363 1899 domestico
379 1859 450 1914 partae
469 1867 555 1900 cruore.
580 1851 660 1915 Itaque
677 1861 700 1901 et
716 1852 804 1901 Nasica
813 1851 855 1903 Tr.
894 1881 895 1884 =

184 1918 322 1972 Gmccbi,·et
334 1917 438 1979 Opimius
449 1915 477 1965 C.
487 1918 593 1972 Gracchi,
604 1918 712 1966 factiones
722 1919 856 1966 moestitru-
893 1963 894 1987 ,

182 1981 292 2032 cidrirunt.
310 1981 341 2036 Q.
360 1981 462 2036 Catulus,
481 1981 518 2030 Μ.
536 1981 624 2046 Iaepido
641 1979 728 2046 cobegi
743 1999 785 2032 suo
802 1998 855 2032 curn

183 2049 286 2096 omnibus
297 2047 408 2094 seditiosis
424 2047 494 2110 copiis
511 2049 630 2103 exstincto,
648 2055 736 2096 tanturn
752 2049 856 2098 muslera·
892 2057 893 2089 l

182 2119 232 2160 tum
242 2129 291 2175 prae
302 2127 327 2159 se
336 2111 411 2159 ferens
422 2113 536 2175 gaudium,
548 2114 572 2159 irr
584 2113 671 2161 Urbem
679 2113 807 2161 revestitam.
823 2111 853 2161 0.

182 2179 250 2224 etiam
262 2177 385 2231 Antonius,
405 2175 510 2226 Catilinae
520 2179 600 2232 victor,
612 2180 724 2226 abstersos
734 2177 822 2240 gladios
831 2177 855 2224 in

183 2249 256 2288 cnstra
267 2242 350 2288 retulit
366 2240 480 2291 Leinon
490 2250 513 2289 et
525 2241 554 2293 C·
565 2243 654 2292 Marius
667 2244 791 2292 hauserant
806 2243 855 2303 qul·
890 2277 891 2289 ,

184 2305 236 2352 dem
253 2307 311 2352 avidi
329 2305 417 2354 civilem
432 2308 578 2370 sauguinem:
598 2309 638 2356 setl
652 2323 699 2354 non
713 2307 818 2370 protinus
827 2305 855 2353 ssl

184 2369 268 2429 templs
278 2369 382 2417 Deorum
390 2378 417 2418 'et
427 2388 477 2420 aras
492 2374 643 2422 tetenderunt.
661 2372 721 2420 Item
738 2371 767 2420 L.
785 2370 853 2424 Sulla
889 2367 890 2389 ¹

184 2432 223 2490 qui
234 2432 328 2492 plurima
337 2435 395 2482 bella
405 2437 479 2489 civilia
489 2437 593 2494 confecit,
605 2440 669 2502 cujus
677 2436 822 2486 crudcbssimi
830 2441 855 2482 et
888 2459 889 2491 ,

183 2495 352 2542 insolentissimi
371 2514 488 2550 successus
501 2502 601 2560 fuerunt,
621 2519 680 2558 cum,
699 2519 726 2552 co

186 2554 265 2619 [atque
276 2561 406 2628 constricti]
418 2565 518 2627 potentii
534 2566 582 2624 sui,
601 2569 739 2632 triumphum
754 2567 853 2620 ducaei,
887 2543 888 2591 l

186 2628 212 2667 ut
223 2623 321 2670 Graeciae
332 2631 355 2670 et
366 2626 430 2677 Asiae
440 2633 523 2680 multas
534 2635 608 2692 urbes,
623 2636 655 2686 ita
670 2635 753 2686 drino
766 2631 855 2682 Rous-
884 2641 887 2691 l

186 2687 573 2772 norumnullumoppidmfflxjt,
652 2761 655 2765 .
712 2741 737 2750 ,,
780 2733 847 2754 ,1,
885 2729 886 2791 p
