1842 2992
161 139 194 182 44
269 134 346 184 vnn
360 133 497 182 unxnrr
513 133 602 182 nnn
621 132 682 196 cn.
695 138 719 182 a

165 261 223 310 freto
233 263 329 310 vicinam
337 261 476 324 interjacens,
489 259 562 310 Coelae
572 259 668 309 Euboere
678 273 759 308 nomen
769 260 822 310 obti-

165 335 211 382 net,
224 328 267 380 ubi,
280 334 332 374 ante
343 325 495 374 Pharsalicum
505 333 625 380 certamen,
636 327 714 372 morbo
725 341 822 374 consum·

165 400 209 444 tus,
221 391 352 453 praedictum
363 407 376 437 a
387 389 440 438 Deo
450 393 525 438 locum
536 389 648 452 sepultura
658 391 762 452 possedit.

199 457 223 518 (1
231 454 263 515 l.)
274 455 373 502 Possunt
381 464 404 502 et
412 457 448 503 illa
456 457 611 504 miraculorum
622 456 672 501 loco
680 455 745 516 poni:
759 455 821 514 quod,

165 521 244 566 deusto
261 522 355 567 sacrario
374 522 490 574 Saliorum,
508 521 563 566 nihil
577 521 600 566 iu
611 536 645 574 eo,
657 527 738 581 praeter
747 520 822 566 lituum

162 585 262 638 Romuli,
280 586 392 647 integrum
409 593 521 646 repertum
531 591 578 631 'est
610 584 678 637 Quod
695 585 742 632 Ser.
756 583 822 630 Tullii

162 656 241 700 statua,
266 665 316 696 cum
339 649 397 696 aedes
420 649 528 697 Fortunae
546 646 697 710 deflagrirsset,
721 647 822 696 inviolata

160 713 288 774 permansit.
308 713 377 766 Quod
386 711 414 762 C.
424 713 525 762 caudiae
532 721 611 766 statua,
621 713 758 759 investibulo
767 718 822 758 tan-

162 778 193 839 pli
202 777 284 823 Matris
292 777 368 824 Deum
376 779 454 839 posita,
463 779 497 824 bis
505 776 531 825 eri
537 778 585 824 aede
592 777 692 824 incendio
700 773 821 831 consumti,

121 865 125 875 ·
163 843 224 904 prius
239 841 266 888 P.
276 839 359 888 Nasici
370 843 473 904 Scipione
484 850 507 889 et
517 841 547 888 L.
558 841 643 895 Bestia,
659 843 713 887 item
724 840 760 886 M.
772 840 823 886 Ser-

162 907 216 952 vilio
227 914 250 952 et
262 905 290 952 L.
303 905 382 954 Lamia
392 907 525 961 consulibus,
537 907 561 952 in
573 905 613 954 sud
622 907 669 954 basi
679 905 774 952 flammis
788 905 825 951 ina

166 978 226 1018 tacta
236 971 304 1018 stetit

198 1034 263 1100 (12.)
281 1035 372 1097 Aliquid
387 1035 537 1082 admirationis
556 1035 639 1082 civitati
658 1041 741 1082 nostrae
759 1033 827 1084 Acilii

165 1102 232 1148 etiam
250 1101 339 1148 Aviolae
355 1117 423 1163 rogus
440 1100 520 1154 attulit,
540 1100 585 1160 qui,
603 1107 626 1146 et
642 1115 655 1146 a
670 1099 759 1146 medicis
774 1106 797 1145 et
813 1115 828 1146 a

166 1167 293 1213 domesticis
310 1173 411 1214 mortuus
427 1166 530 1218 creditus,
548 1179 599 1210 cum
615 1163 747 1224 aliquamdiu
765 1164 829 1212 humi

87 1267 89 1274 ,
159 1233 274 1293 jacuisset,
286 1231 365 1282 elatus,
376 1237 493 1290 postquam
504 1229 563 1290 ignis
571 1244 651 1290 corpus
658 1229 706 1290 ejrrs
714 1228 827 1290 corripuit,

164 1293 773 1420 {333⁰,titililsslinttil“hailidedi
779 1293 829 1420 ,tl

758 1387 765 1412 Ρ

163 1421 259 1468 flammis
269 1419 424 1474 circumdatus,
436 1419 483 1466 fato
495 1422 592 1470 subtrahi
604 1437 650 1468 non
660 1421 739 1484 potuit.
756 1471 761 1478 ¹
782 1457 785 1464 .

198 1484 226 1530 L.
246 1499 334 1545 quoque
353 1482 446 1538 Lamiae,
466 1488 571 1547 praetorio
589 1487 647 1542 viro,
666 1501 732 1548 aeque
749 1499 830 1533 vocem

164 1548 233 1596 fuisse
244 1564 310 1611 super
320 1563 401 1612 rogum
412 1551 520 1597 constitit.

440 1653 554 1702 Eatemo.

198 1740 246 1808 (1.)
265 1741 324 1796 Qua
335 1743 408 1790 minus
419 1744 552 1791 admirabilia
563 1743 616 1792 Eris
627 1743 753 1808 Pamphylii
764 1761 832 1796 casius

162 1807 231 1866 facit5
248 1823 321 1869 quern,
341 1807 406 1855 Plato
417 1810 498 1862 scribit,
510 1810 568 1856 inter
578 1825 617 1856 eos
628 1811 666 1871 qui
677 1811 700 1856 io
711 1812 758 1858 scie
769 1813 831 1860 ceei-

162 1873 247 1928 derant,
272 1873 349 1920 decem
367 1875 443 1922 diebus
457 1874 562 1936 jacuisse,
580 1874 691 1935 biduoque
708 1882 830 1937 postquam

162 1939 214 1986 inde
225 1939 323 1986 sublatus
333 1947 399 1993 esset,
412 1938 540 1999 impositum
549 1955 605 2000 rogo
614 1939 727 1995 revixisse,
737 1955 764 1988 ac
772 1941 832 1990 mira

162 2005 271 2066 quaedam,
284 2011 384 2065 tempore
394 2003 472 2049 mortis
482 2003 536 2056 visa,
549 2001 657 2050 narrdsse.

196 2067 245 2130 (2.)
263 2068 296 2115 Et
312 2067 416 2128 quoniam
435 2067 463 2112 ad
481 2075 573 2114 externa
589 2069 721 2131 transgressi
741 2085 832 2126 sumus,

163 2134 253 2195 quidam
270 2133 365 2179 Athenis
376 2132 410 2178 vir
424 2132 592 2185 eruditissimus,
604 2148 655 2178 curn
666 2134 736 2180 ictum
750 2136 834 2196 lapidis
906 2161 907 2166 =

164 2200 236 2259 eapite
251 2198 381 2258 excepisset,
393 2203 475 2243 caetera
485 2197 560 2244 omnis
570 2196 710 2244 tenacissimi
720 2195 835 2247 rnemorid

164 2263 269 2312 retinens,
284 2261 398 2308 literarum
409 2261 570 2314 tantummodo,
584 2263 662 2322 quibus
672 2265 787 2326 praecipue
797 2266 836 2312 in-

165 2325 277 2376 servierat,
291 2325 370 2371 oblitus
381 2333 421 2371 est.
442 2325 525 2372 Dirum
536 2327 704 2388 malignumque
713 2329 800 2376 vulnus
810 2331 837 2378 in

164 2388 238 2436 animo
252 2389 357 2447 percussi,
369 2391 430 2448 quasi
442 2391 469 2437 de
483 2390 590 2438 industrii
605 2393 708 2438 scrutatis
719 2394 835 2448 sensibus,

164 2453 247 2497 ineam
256 2451 402 2510 potissimum,
415 2469 459 2513 quo
471 2457 567 2502 maxime
578 2455 699 2510 letabatur,
709 2459 837 2506 acerbitate

164 2515 258 2560 nocendi
270 2515 356 2575 erupit;
373 2517 507 2578 singularem
522 2520 645 2566 doctrinam
656 2521 751 2568 hominis
762 2524 838 2584 pleno

162 2579 253 2624 invidiae
262 2577 342 2625 lunera
351 2579 470 2628 efferendo.
499 2581 550 2636 Cui,
569 2584 587 2630 si
598 2585 678 2632 talibus
689 2587 767 2634 studiis
780 2603 838 2650 per-

165 2641 210 2690 frui
220 2641 254 2692 sss
265 2657 310 2690 non
321 2651 376 2701 erat,
388 2645 464 2694 utilius
474 2647 587 2709 aliquanto
596 2647 646 2706 fuit,
658 2650 687 2700 ad
696 2649 734 2702 illa
747 2650 842 2702 adivam
