1842 2992
191 159 223 212 99
297 161 374 211 VAL.
389 161 525 212 Mnxrnss
541 163 597 212 Lu,
607 163 627 212 1.
647 165 707 215 Cu.
720 167 769 214 'Iir

189 291 287 356 pisturis,
298 293 397 354 siposset
404 294 489 351 averti3
501 293 544 348 vel,
554 294 664 341 sioertum
674 293 776 342 Deorum
783 293 848 342 edm

190 359 278 405 monitu
289 358 361 404 visum
371 358 436 410 foret,
448 359 591 411 exsecuturis,
603 360 723 406 hostiarum
731 365 783 404 exte
790 373 849 404 som·

191 423 229 469 nio
240 429 397 482 congruerunt.
417 421 573 482 Convenitque
583 423 640 469 inter
651 437 697 476 eos,
709 423 771 484 eujru
778 437 846 468 cornu

190 488 252 548 prins
268 487 366 532 laborare
381 487 491 547 ooepisset,
503 493 528 532 ut
538 488 557 532 is
567 487 644 548 patriae
659 487 705 534 isto
718 487 790 547 capite
806 501 846 532 suo

189 553 274 598 lueret:
293 565 351 611 quae,
364 559 443 597 neutro
456 551 594 606 formidante,
606 551 704 598 Decium
715 551 847 612 depoposce-
906 609 907 614 ¹

190 622 268 742 mid.)
286 678 390 740 Semritur
403 651 467 739 reque
480 680 507 725 ad
521 679 629 740 publicam
641 679 770 740 religionem
780 678 847 740 perti·
906 659 907 692 3

188 757 246 790 nens
261 743 379 789 somnium.
410 741 446 792 Cu
470 743 583 804 ,plebeiis
599 743 664 797 indis,
676 743 763 802 quidam
774 749 847 804 pater-

186 807 280 854 familias
290 823 329 869 per
340 808 423 852 circum
499 807 712 868 inium,priusquam
722 806 847 868 pompein-
906 817 907 836 i

188 873 312 926 duceretur,
331 885 420 918 servum
437 885 509 924 suum,
524 873 649 918 verberibus
662 873 793 923 mirionum,
806 871 847 918 sub

187 935 251 982 furori
267 937 295 983 ad
312 936 442 997 supplicium
459 936 549 996 egisset,
566 935 604 981 Ti.
617 936 703 988 Atinio,
720 937 804 982 bomini
817 950 847 982 ex

186 1002 256 1064 plebe,
274 999 362 1064 Jupiter
372 1001 395 1045 in
406 999 479 1060 quiete
489 1001 600 1061 proecepit,
616 1007 641 1046 ut
651 1000 777 1046 consulibus
788 999 848 1047 dios*
906 1003 907 1054 i

186 1073 228 1120 ret,
247 1071 264 1096 ‘⁴
278 1065 318 1111 sibi
336 1065 489 1128 praesultorem
507 1063 565 1109 ludis
582 1062 722 1112 Circensibus
739 1063 848 1126 proximis

187 1145 233 1176 non
250 1128 392 1191 placuisse:”
409 1143 460 1190 quse
478 1143 513 1174 res
530 1128 572 1174 nisi
589 1126 673 1175 arunte
690 1128 792 1174 ludomm
810 1129 846 1174 in-
906 1155 907 1188 3

186 1195 322 1242 stauratione
337 1194 425 1254 expieta
443 1199 508 1245 esset,
526 1198 653 1239 secuturum
671 1206 717 1238 non
735 1192 848 1240 mediocre

186 1259 246 1305 urbis
256 1259 386 1319 periculum.
412 1255 455 1302 Ille
465 1255 556 1310 veritus,
568 1271 604 1310 ne,
616 1271 667 1303 curn
677 1257 751 1316 eliqua
760 1257 848 1304 inoom-

185 1323 252 1368 modo
268 1337 315 1374 suo,
333 1320 441 1382 religione
456 1325 567 1366 summum
583 1321 704 1382 implicaret
720 1321 845 1382 imperium,

186 1385 297 1432 silentium
315 1385 377 1444 egit:
402 1399 416 1429 e
434 1383 573 1445 vestigioque
590 1384 648 1430 filins
666 1386 714 1446 ejus
733 1384 805 1432 subitd
823 1388 847 1432 vi
906 1405 907 1412 ¹

185 1449 256 1497 morbi
274 1454 389 1509 correptus
405 1447 496 1494 interiit.
522 1447 650 1510 Ipseetiam
662 1449 848 1510 perquietemab
906 1453 907 1468 ¹

153 1563 154 1568 ,
185 1513 263 1560 eodem
274 1512 494 1572 Desinterrogatus,
513 1513 745 1574 “ansatismagnam
756 1528 846 1575 poenam
906 1517 907 1552 i

185 1571 282 1638 neglecti
293 1576 378 1638 imperii
389 1575 422 1622 sui
432 1576 597 1637 pependisset,’‘
614 1577 637 1622 in
648 1578 761 1638 proposito
770 1593 848 1640 peme-

184 1656 271 1694 versns,
289 1640 399 1687 debilitate
415 1641 512 1702 corporis
531 1641 617 1686 solutus
633 1649 680 1687 est:
700 1657 726 1688 ao
741 1642 847 1690 tum-de·
906 1657 907 1660 ’

184 1721 259 1758 mum,
271 1719 300 1752 ex
311 1705 403 1751 consilio
413 1705 541 1758 amicorum,
558 1702 636 1752 lecticis
646 1706 675 1752 ad
685 1705 780 1752 tribunal
791 1721 847 1754 oon-

182 1771 263 1823 sulum,
280 1779 304 1816 et
314 1770 366 1816 inde
375 1769 403 1816 sd
414 1776 514 1817 senatum
525 1770 628 1830 perlatus,
641 1769 717 1816 ordine
728 1771 798 1817 totius
809 1785 848 1818 oa·

181 1836 220 1883 sus
235 1835 269 1881 sui
286 1835 393 1896 exposito,
410 1832 492 1895 mngnd
509 1849 560 1880 cum
575 1834 675 1880 omnium
692 1834 846 1890 admiratione,
906 1841 907 1844 ’

181 1897 309 1962 recuperati
333 1899 482 1945 membrorum
507 1896 618 1952 firmitate,
640 1897 731 1960 pedibus
752 1899 846 1946 domum
906 1899 907 1910 ¹

184 1965 255 2012 rediit.

165 2062 168 2068 -
199 2026 263 2093 ·(5.)
276 2028 312 2075 Ao
319 2041 349 2073 ne
356 2025 410 2072 illud
417 2025 506 2085 quidem
514 2025 673 2072 involvendum
681 2025 776 2074 silentio.
796 2025 848 2074 Ini-

179 2095 288 2141 micorum
299 2090 462 2152 conspiratione
473 2089 536 2136 Urbe
547 2091 624 2150 pulsus
640 2091 676 2136 Μ.
691 2089 779 2146 Cicero,
786 2107 847 2142 ,cum
906 2131 907 2134 ,

179 2161 202 2206 ἱη
221 2155 388 2218 nusquitan
407 2154 478 2215 campi
499 2153 598 2200 Atinatis
619 2155 775 2210 diversaretur,
801 2153 846 2222 [is]

179 2224 253 2270 animo
267 2223 291 2266 in
302 2234 405 2266 somnum
416 2217 514 2280 profuso,
529 2233 569 2280 per
580 2218 629 2264 loca
638 2218 725 2266 deserta
735 2227 758 2266 et
773 2220 849 2269 invias
906 2231 907 2236 ’

180 2286 283 2348 regiones
296 2285 388 2346 vaganti
401 2284 440 2329 sibi
453 2281 481 2331 C.
491 2283 590 2329 Marium
601 2283 730 2330 consuistds
739 2293 848 2340 ornatum
906 2281 907 2314 ³

116 2383 120 2391 .
178 2350 302 2410 insignibus
316 2347 402 2408 putavit
417 2348 505 2394 obvium
518 2347 617 2404 factum3
634 2355 657 2394 et
668 2349 849 2411 interrogantem

178 2429 237 2466 eum,
250 2411 303 2474 quid
310 2412 347 2464 ito,
356 2419 402 2457 tarn
411 2413 468 2458 tristi
476 2412 547 2466 vultu,
554 2412 640 2458 incerto
647 2413 725 2460 itinere
732 2412 847 2475 ferretum
906 2455 907 2460 ,

179 2479 253 2526 audito
269 2476 348 2522 deinde
364 2491 423 2529 casu,
442 2491 486 2537 quo
503 2475 677 2530 conflictabatur,
695 2481 848 2540 comprehen-

178 2543 237 2590 disse
248 2541 360 2587 dexteram
371 2555 441 2594 susm,
454 2556 480 2588 ao
495 2557 519 2588 se
533 2541 636 2603 proximo
650 2541 722 2588 iictori
733 2543 757 2588 in
768 2545 848 2592 moni.

100 2601 101 2606 ¹
177 2614 278 2654 mentum
289 2606 357 2668 ipsius
372 2605 523 2654 deducendum
538 2606 659 2660 tradidisse,
675 2607 735 2667 quod
750 2608 846 2664 diuum,

176 2673 205 2721 ibi
216 2687 266 2722 esse
276 2671 296 2720 ei
307 2671 415 2720 iaetiorem
423 2672 494 2720 status
505 2686 566 2736 spem
577 2673 696 2735 repositam
705 2689 711 2722 r
726 2686 769 2722 uso
779 2674 849 2724 aliter
