1870 2990
7 89 9 184 i

7 271 9 288 i

175 163 254 218 VAL-
264 158 401 237 MAXIMI
419 161 472 215 1:1⁸.
482 163 529 214 LX·
549 163 611 214 Cur.
619 169 645 212 8.
695 167 743 224 sss

75 293 146 360 guido
160 293 283 358 petrocinio
299 291 446 356 protexisset!
465 291 545 358 Nepos
555 293 667 342 efficacem
678 293 741 350 irem
790 305 792 312 ’

76 361 141 422 cujus
151 359 243 405 hortatu
253 357 317 405 miles
328 373 416 404 summo
427 358 520 420 imperio
531 359 637 420 praelatus
647 357 699 406 est?

109 421 155 488 (7.)
173 421 234 476 Quum
244 423 332 484 quidem
343 437 389 470 oon
399 423 537 486 proculcavit
544 430 631 472 tantum
642 423 741 486 imperia,

7 507 11 525 ι
77 487 195 540 sedetiam
223 487 278 534 essit
287 487 428 548 impotenter.
447 485 509 536 Nam
522 485 680 542 QMetellus,
692 503 746 534 cunr

77 560 195 614 utrumque
239 551 345 614 ispaniam
360 551 438 600 consul
454 553 522 614 prius,
541 552 620 598 deinde
633 569 674 614 pro
689 567 751 598 oon-.

78 617 134 670 sule,
152 631 218 678 prese
228 623 300 664 totam
315 615 447 678 subegisset,
464 623 582 680 postquam
593 617 701 680 cognovit
713 615 745 672 Q„

79 679 214 744 Pompeium
225 679 348 734 consulem,
367 679 482 728 inimicum
500 695 572 733 suum,
592 695 744 730 successorem

78 745 120 792 sibi
131 745 197 798 mitti,
209 759 295 798 omnes,
307 745 346 804 qui
357 744 424 790 modo
438 743 539 791 militiam
551 759 614 792 suem
626 747 753 803 voluerunt¹

77 809 146 863 finiri,
164 809 261 858 dimisit:
280 815 418 858 commeatus
436 809 568 870 petentibus,
587 823 659 870 neque
673 811 746 860 causis

77 874 187 927 excussis,
208 888 280 938 neque
298 873 421 923 constituto
437 879 545 938 tempore.
565 872 640 932 dedit;
658 875 749 928 hortm.

77 937 207 986 custodibus
218 937 316 992 remotis,
328 944 454 1000 opportuno
463 938 546 1000 rapinae
555 938 664 1000 praebuit;
681 953 747 986 arcus

78 1004 217 1064 sagittasque
228 999 371 1052 Cretensium
381 1000 462 1077 frangi,
476 1010 542 1062 atque
552 1002 575 1048 in
584 1017 672 1049 amnem
683 1003 746 1064 abjici
781 1041 783 1046 .

74 1065 160 1132 jussit3
172 1065 295 1128 clephontis
306 1065 386 1116 cibaria
397 1065 443 1112 dsrr
450 1067 529 1112 vetuit,
547 1065 635 1119 Quibus
640 1065 712 1122 factis,
722 1074 749 1112 ut

80 1131 196 1194 cupiditati
207 1145 256 1180 suae
265 1130 363 1184 indulsit,
375 1130 407 1178 ita
417 1129 537 1194 magnifice
546 1138 661 1192 gestarum
672 1147 747 1178 rerum

78 1196 177 1260 gloriam
188 1195 296 1258 corrupit;
306 1193 455 1255 meritumque
463 1196 570 1262 bonorem
576 1195 688 1258 triumphi,
694 1197 750 1244 hor«

81 1261 140 1308 tium
167 1275 219 1307 uem
229 1261 270 1306 irae
279 1259 359 1306 sortior
369 1259 447 1312 victor,
460 1259 540 1306 emisit.

116 1275 166 1388 (83
183 1323 246 1382 Quid
257 1323 335 1374 sila?
346 1323 400 1371 dum
411 1323 463 1372 huic
470 1323 525 1370 sitio
536 1323 680 1386 obtemperat
691 1339 756 1371 non·-

81 1404 121 1444 ne,
139 1389 211 1436 multo
227 1389 300 1438 alieno
315 1388 424 1454 sanguine
440 1386 545 1450 profuso,
558 1388 587 1438 nd
605 1389 708 1437 ultimum
725 1395 755 1436 et·

79 1469 148 1502 suum
159 1451 276 1515 erogavit?
294 1451 394 1500 Puteolis
409 1452 476 1506 enim,
494 1451 574 1500 ardens
589 1452 751 1516 indignatione,

80 1519 144 1580 quod
155 1517 254 1568 Granius
277 1517 364 1579 rinceps
374 1517 422 1581 ejus
429 1517 524 1564 coloniae
534 1517 651 1580 pecuniam
662 1519 751 1566 adeou-

80 1583 181 1630 rionibus
192 1581 220 1630 sd
230 1598 241 1628 r
263 1581 373 1630 ecticnem
386 1579 491 1646 capitolii
500 1583 632 1646 promissam
643 1591 751 1634 cunctan-

83 1649 130 1695 tius
145 1647 215 1701 daret,
233 1645 301 1701 animi
312 1647 460 1709 concitatione
471 1644 546 1700 nimii,
564 1655 631 1710 etque
641 1649 758 1698 immode.

85 1719 136 1760 roto
147 1712 210 1758 vocis
219 1709 305 1774 impetu
315 1712 423 1758 convulso
440 1719 536 1774 pectore,
556 1713 657 1775 spiritum
672 1728 751 1760 cruore

85 1792 113 1824 ee
123 1776 191 1822 minis
201 1775 298 1822 mixtum
312 1776 427 1833 evomuit;
443 1791 485 1823 nec
496 1775 558 1822 senio
567 1777 616 1838 jrrm
627 1777 756 1856 prolapsus,¹

86 1847 167 1904 utpote
177 1841 342 1902 sexagesimum
352 1839 480 1902 ingrediens
493 1853 583 1894 annum,
596 1841 636 1888 sed
645 1841 698 1890 elitu
710 1840 757 1896 miz

87 1906 151 1954 seriis
167 1905 293 1966 reipublice
310 1901 440 1967 impotentid
455 1902 540 1952 furens.
562 1901 637 1965 Igitur
652 1903 753 1952 indubio

86 1978 130 2026 est,
144 1969 235 2020 suisne
245 1970 312 2034 prior,
324 1983 353 2016 on
363 1967 477 2019 iracundia
486 1964 556 2016 Sullae
566 1969 596 2018 sit
603 1968 721 2016 exstincta.
754 2025 756 2030 ,
817 1969 820 1976 “

361 2073 475 2121 Zetes-no.

122 2164 206 2227 Neque
213 2165 240 2212 sb
250 2162 334 2226 ignotis
344 2162 446 2224 exempla
455 2167 531 2224 petere
535 2161 610 2224 juvat,
622 2168 645 2208 et
653 2157 758 2212 menimis

88 2232 145 2280 viris
155 2230 288 2292 exprobrare
298 2227 352 2276 vitia
362 2243 403 2274 sus
412 2226 553 2275 verecundiae
569 2233 611 2272 est
631 2223 754 2285 Caeterum,

90 2308 144 2345 oum
154 2293 262 2358 propositi
271 2291 327 2339 fides
337 2291 523 2339 excellentissimo
533 2306 628 2352 quosque
639 2292 757 2352 complecti

89 2366 190 2412 moneat,
201 2358 306 2405 voluntes
317 2357 377 2418 operi
388 2356 466 2414 cedst3
477 2357 538 2410 dum,
547 2357 654 2417 praeclors
664 2356 758 2407 libenter

90 2423 213 2489 probando,
226 2422 349 2470 remansis
359 2421 462 2468 osmundi
472 2421 608 2470 conscientie
618 2435 664 2467 non
675 2421 739 2470 desit.

126 2486 175 2552 (1.)
193 2486 347 2534 Alexandrum
359 2485 470 2532 iracundia
481 2500 521 2531 sua
528 2485 689 2547 propemodum
700 2489 767 2546 coelo·

91 2551 196 2615 deripuit.
212 2549 274 2602 Nom
285 2549 338 2614 quid
348 2549 440 2602 obstitit,
452 2565 497 2610 quo
507 2549 582 2598 minus
590 2549 645 2596 illuc
655 2565 760 2617 usurge-

92 2625 137 2670 ret,
150 2615 193 2662 uiri
205 2613 354 2676 Lysimachus
368 2613 428 2664 leoni
439 2614 544 2676 objectus,
562 2622 586 2662 et
604 2612 686 2676 Clytus
697 2619 761 2667 hosti

92 2681 207 2744 trajectus,
215 2677 393 2728 ereditatem
403 2678 561 2743 motijussus?
571 2680 680 2740 quietres
691 2685 763 2731 maxi.
