1820 2982
151 165 229 218 VAL.
243 167 381 218 MAXIMI
397 168 451 218 Lm.
464 167 514 218 111.
534 169 594 220 Car.
610 173 631 217 1.
693 175 723 220 91

51 298 239 350 concurrentium
256 298 393 346 exercituum
412 299 543 376 iffliffllil
537 299 654 347 'uvenibus
670 315 728 362 quo-

11 367 20 394 t
51 378 99 422 que
113 363 252 424 aliquantum
268 364 358 410 terroris
372 365 465 410 incutit.
487 365 546 412 inter
559 381 611 426 quae
624 365 727 412 AEmiliaa

51 428 131 488 gentis
142 429 236 498 pueritia
246 443 352 475 coronam
362 429 449 482 mereri,
462 430 532 490 spolia
542 443 625 496 rapere,
634 431 712 477 valuit.

85 489 138 554 (2.)
157 491 218 538 Hic
220 493 309 554 spiritus
324 509 355 539 ne
367 493 404 539 M.
418 494 506 554 quidem
519 489 612 542 Catonis
623 495 726 557 pueritiae

50 555 133 602 defuit.
159 556 228 610 Nam,
245 573 296 603 cum
311 558 334 602 in
350 557 417 604 domo
432 558 469 604 M.
480 558 552 605 Drusi
570 561 674 606 avunculi
690 561 725 610 sui

51 621 195 675 educaretur,
207 628 230 667 et
241 622 269 668 ad
280 635 331 667 eum
342 622 455 668 tribunum
465 624 535 684 plebis
546 622 623 670 Latini
633 624 688 671 de
669 625 726 671 crvi-

51 693 100 730 tate
116 684 256 746 impetranda
269 687 433 740 convenissent,
449 703 463 734 ι
478 687 510 741 Q.
522 687 644 750 Poppedio,
661 688 727 736 Lati-

52 764 137 794 norum
155 750 262 812 principe,
282 750 355 796 Drusi
374 759 448 798 autem
464 753 558 814 hospite,
579 761 678 814 rogatus,
699 760 726 800 ut

51 815 129 860 socios
140 814 199 874 apud
208 815 344 861 avunculum
355 815 476 877 adjuvaret,
486 819 597 864 constanti
606 817 670 864 vultu
679 833 725 864 non

50 877 166 924 lecturum
178 894 202 926 se
212 879 332 940 respondit.
359 878 444 926 Iterum
460 881 539 928 deinde
553 897 580 928 ac
595 883 679 946 saepius
688 883 725 928 in·
783 897 786 904 ·

51 943 214 1004 terpellatus'
209 958 232 988 ιιι
246 944 360 1005 proposito
376 946 480 1006 perstitit.
505 945 571 992 Tunc
588 939 723 1007 Poppedius,

49 1008 74 1054 in
87 1008 201 1054 excelsam
213 1007 294 1054 sedium
304 1016 389 1070 partem
403 1009 508 1063 levatum,
524 1011 661 1072 abjecturum
672 1011 725 1058 iude

50 1088 83 1126 se,
96 1087 141 1118 ιιιιι
133 1073 252 1134 precibus
263 1074 432 1134 obtemperaret
446 1075 544 1120 minatus
558 1082 606 1120 est.
625 1089 667 1120 nec
682 1075 724 1121 hac

51 1153 77 1184 rc
87 1138 116 1184 ab
126 1138 216 1198 incepto
227 1139 312 1184 moveri
322 1139 402 1199 potuit
428 1137 543 1200 Expressa
555 1145 590 1184 est
602 1138 676 1198 itaque
687 1139 725 1186 ills

50 1217 99 1248 vox
114 1201 245 1248 hominum:
266 1209 282 1232 “
292 1203 438 1250 Gratulemur
453 1203 516 1248 nobis
531 1201 608 1248 Latini
623 1210 646 1248 et
661 1203 723 1258 socii,

51 1268 113 1313 hunc
124 1281 174 1312 esse
185 1273 231 1313 tam
242 1282 351 1329 parvum3
366 1283 410 1328 quo
422 1274 531 1321 senatore,
542 1283 571 1314 ne
579 1283 667 1328 sperare
675 1268 725 1328 qui·

52 1331 104 1378 dem
119 1331 184 1378 nobis
199 1331 312 1378 civitatem
324 1331 450 1378 licuisset.”
473 1331 563 1379 Tenero
578 1348 634 1394 ergo
649 1333 724 1380 animo

53 1395 114 1446 cato
129 1396 199 1442 totius
213 1397 281 1442 curias
297 1397 431 1458 gravitatem
446 1398 559 1459 percepit;
578 1413 724 1458 perseveran-

51 1459 129 1521 tiique
140 1459 181 1507 sui
191 1459 286 1508 Latinos
292 1463 346 1524 Jura
356 1469 440 1509 nostrae
453 1462 549 1510 civitatis
559 1463 724 1525 apprehendere

51 1527 168 1588 cupientes
180 1527 266 1589 repulit.

84 1589 150 1637 ldem
159 1605 218 1644 cum,
231 1591 339 1638 salutandi
349 1589 428 1654 gratii,
440 1599 586 1654 praetextatus
597 1594 625 1641 ad
637 1592 723 1640 Sullam

51 1656 158 1710 vertisset,
175 1663 198 1712 et
212 1656 284 1718 capita
298 1657 471 1718 proscriptorum
485 1659 509 1704 in
520 1660 600 1706 atrium
611 1659 678 1705 allata
688 1659 723 1705 vi·

51 1719 128 1773 disset,
149 1721 266 1768 atrocitate
284 1721 316 1767 rei
335 1730 468 1775 commotus,
488 1723 639 1784 paedagogum
657 1737 723 1769 suum

51 1785 204 1846 Sarpedonem
222 1786 313 1832 nomine
329 1787 483 1848 interrogavit,
503 1794 637 1848 quapropter
654 1801 722 1832 nemo

50 1851 197 1904 inveniretur,
217 1851 255 1911 qui
273 1859 319 1896 tam
338 1851 451 1897 crudelem
468 1857 588 1911 tyrannum
604 1850 723 1897 occideret.

51 1914 158 1976 Cumque
169 1915 195 1968 is,
210 1929 256 1960 ιιοιι
270 1915 409 1962 voluntatem
425 1915 558 1966 hominibus,
576 1915 615 1960 sed
628 1913 724 1960 faculta-

51 1987 106 2032 tem,
119 1979 203 2032 deesse,
216 1979 277 2040 quod
287 1981 347 2026 salus
358 1981 407 2042 eJ'us
417 1993 501 2040 magno
512 1979 608 2024 militum
619 1977 723 2039 praesidio

51 2043 208 2096 custodiretur,
221 2045 384 2105 respondisset,
402 2051 428 2090 ut
441 2043 525 2090 serrum
542 2043 582 2090 sibi
597 2042 666 2096 daret,
683 2042 724 2088 ob-

52 2108 155 2162 secravit,
167 2108 305 2162 affirmando,
321 2109 427 2170 perfacile
441 2123 466 2156 se
479 2123 531 2154 eum
544 2107 722 2160 interfecturum,
776 2154 779 2160 ,

51 2173 132 2236 quod'
126 2187 150 2218 m
161 2173 222 2220 lecto
236 2173 295 2220 illius
306 2174 422 2220 considere
432 2173 521 2220 soleret.
544 2171 689 2234 Paedagogus
700 2177 724 2218 et

52 2239 150 2286 animum
169 2235 264 2285 Catonis
280 2239 380 2300 agnovit,
398 2245 422 2285 et
437 2237 576 2300 propositum
592 2235 723 2294 exhorruit,

51 2317 146 2364 eumque
157 2311 235 2364 postes
245 2303 274 2350 ad
289 2304 374 2350 Sullam
387 2317 507 2350 excussum
522 2317 610 2366 semper
624 2301 723 2349 adduxit.

52 2367 116 2416 Nihil
129 2368 172 2413 hoc
186 2367 342 2414 admirabilius.
367 2367 447 2414 Puer'
441 2383 465 2414 ιιι
481 2367 570 2416 officind
586 2367 723 2416 crudelitatis

53 2433 208 2493 deprehensus,
227 2432 336 2479 victorem
353 2448 399 2479 non
416 2433 519 2480 extimuit
528 2451 537 2491 ;
560 2441 608 2482 tum
625 2433 723 2480 monime

53 2496 162 2548 consules,
174 2497 302 2558 municipia,
314 2498 422 2559 legiones,
437 2495 546 2558 equestris
558 2499 641 2546 ordinis
651 2499 724 2559 majo-

53 2576 100 2608 rem
110 2569 195 2622 partem
208 2561 364 2608 trucidantem.
387 2561 465 2623 Ipsum
481 2563 610 2609 Marium'
593 2579 612 2609 ιι
622 2563 673 2622 quis
683 2561 722 2606 iilo

53 2626 96 2674 loci
107 2626 227 2680 statuisset,
245 2627 339 2673 celerius
354 2626 437 2689 aliquid
451 2627 479 2674 de
489 2625 545 2689 iugi
555 2626 603 2684 sui,
614 2641 682 2686 quam
695 2624 724 2670 de

55 2690 195 2747 Sullanece,
207 2689 337 2756 cogitisset.
513 2768 528 2801 ω
