1820 2982
163 162 242 214 vat.
251 163 389 216 MAXIMI
402 157 459 216 hm
471 163 520 216 iv.·
534 165 629 217 eas.
683 168 727 214 151

66 291 165 342 Athenis
179 302 286 350 scortum,
301 297 368 359 juxta
384 312 436 346 eum
453 297 506 344 rino
516 311 610 359 grava·
620 295 730 351 accubuit,

63 358 159 420 pignore
169 374 221 406 cum
236 361 365 422 quibusdam
378 363 499 424 juvenibus
508 363 590 424 posito,
607 375 636 408 an
647 367 732 420 tempe-

62 423 159 470 rantiam
169 425 218 486 ejus
228 441 370 488 corrumpere
379 433 462 488 posset.
482 427 558 481 Quam
569 441 610 472 nec
618 432 680 472 tactu
690 439 732 472 neo

61 499 168 534 sermone
176 489 328 550 adspernatus,
337 491 410 550 quoad
417 491 525 546 voluerat,
536 492 561 538 in
572 491 622 536 sinu
633 501 674 536 suo
682 505 732 536 mo-

59 559 140 606 ratam,
152 552 236 600 irritam
244 555 352 616 propositi
363 555 453 602 dimisit.
468 555 563 602 Factum
574 552 681 617 sapiendi
688 554 731 600 im-

59 616 109 664 buti
120 615 188 662 animi
198 620 326 676 abstinens3
344 620 383 665 sed
391 621 538 667 meretriculae
549 635 636 681 quoque
646 619 731 665 dictum

57 695 168 742 perquam
178 681 284 730 facetum.
301 683 462 731 Deridentibus
476 685 536 732 enim
547 701 572 731 ae
585 683 731 731 adolescenti-

56 746 112 798 δυ»,
131 745 182 806 quia
200 755 246 794 tam
262 747 368 803 formosa,
389 756 479 810 tamque
494 751 591 811 elegans,
609 749 657 810 poti
671 747 731 794 aenis

59 809 162 856 animum
177 807 285 859 illecebris
296 813 398 874 pellicere
409 829 454 860 non
465 815 580 876 potuisset,
596 821 731 875 pactumque

57 873 162 920 victorie
171 877 267 936 pretium
278 875 437 939 flagitantibus,
450 878 478 926 de
493 879 584 925 homine
594 893 618 924 se
630 893 682 923 cum
693 877 728 931 iis,

56 952 107 984 non
123 937 152 986 de
163 939 244 995 statui,
255 941 338 1004 pignus
348 944 457 1004 posuisse,
476 943 597 1004 respondit.
620 940 730 988 Potestne

56 1004 110 1050 haec
124 1001 261 1052 Xenocratis
278 1007 415 1054 continentia
429 1023 443 1053 a
456 1022 568 1068 quoquere
583 1006 657 1066 megia
667 1020 727 1060 vera,

57 1067 179 1130 magisque
188 1071 276 1132 proprie
287 1071 440 1124 amiensem,
456 1086 523 1132 quam
534 1072 561 1116 ub
572 1067 620 1131 ipsi
629 1069 730 1115 meretri.

57 1131 111 1180 culi
118 1147 226 1195 expressa
235 1134 286 1182 ert?
303 1133 396 1198 Phryne
405 1135 569 1197 pulchritudine
580 1131 621 1180 sui
631 1130 693 1178 nulli
700 1149 730 1180 ex

56 1205 123 1258 parte
144 1199 347 1246 constantissimam
370 1201 419 1262 ejus
442 1199 597 1246 abstinentiam
620 1196 728 1244 labefecit.

56 1261 123 1316 Quid
133 1276 175 1308 rex
183 1261 330 1311 Alexander?
346 1279 375 1310 an
386 1265 469 1310 divitiis
480 1279 531 1311 eum
540 1269 631 1324 quatere
638 1262 727 1324 potuit?

56 1327 85 1373 ab
96 1327 137 1372 illo
145 1341 235 1389 quoque
245 1336 348 1382 statuam,
360 1336 383 1376 et
391 1329 480 1390 quidem
491 1344 555 1389 aeque
562 1327 645 1374 frustra
655 1329 728 1373 tenta-
789 1363 791 1368 .

58 1398 115 1445 mm,
127 1399 201 1452 putes.
220 1392 321 1456 Legatos
331 1394 360 1441 ad
370 1409 421 1440 eum
433 1409 485 1440 cum
493 1395 578 1454 aliquot
588 1392 677 1440 talentis
685 1393 735 1458 mh·

57 1463 135 1504 seret:
155 1471 212 1517 quos
224 1457 248 1503 in
263 1458 408 1506 Academiam
420 1452 546 1521 perdriotos,
562 1458 628 1506 solito
639 1458 679 1504 sibi
693 1457 727 1520 (id
772 1485 774 1488 ·

54 1529 98 1575 ert,
110 1519 212 1582 modico)
223 1531 335 1584 apparatu.
345 1530 368 1570 et
375 1524 493 1571 admodum
502 1524 600 1586 parvulis
608 1524 677 1585 copiis
685 1537 727 1568 ex-

54 1585 124 1648 cepit
141 1584 238 1632 Postero
253 1588 288 1634 die
302 1588 494 1651 interrogantibus,
513 1590 601 1636 cuinam
617 1602 726 1634 annume-

54 1651 226 1762 cmii
236 1653 727 1779 ricmiritumuletur&

53 1795 96 1828 rex
106 1780 234 1842 philosophi
251 1782 369 1828 amcitiam
387 1797 461 1830 emere
475 1782 563 1838 voluit3
580 1781 725 1843 philosophus

54 1845 289 1972 regrpparnfflevpppppp
295 1847 501 1973 iiiiiimgnomen
515 1908 593 1956 invicti
603 1915 725 1963 assecutus,

54 1973 219 2022 continentiam
235 1974 349 2038 Diogenis
370 1974 451 2037 Cynici
465 1975 556 2022 vincere
574 1987 621 2019 non
634 1974 723 2034 potuit:

53 2039 84 2086 ad
94 2053 165 2099 quem
176 2054 227 2086 eum
243 2040 267 2086 in
283 2041 330 2088 sole
346 2041 459 2088 sedentem
475 2038 612 2090 accessisset,
626 2037 726 2084 hortare·

52 2111 146 2164 torque,
154 2110 187 2158 ut,
199 2104 271 2166 siqua
280 2105 320 2152 sibi
330 2106 398 2152 vellet
407 2103 639 2166 praestari,indicaret;
648 2115 726 2160 quem-

53 2168 180 2216 admodum
195 2177 243 2217 erat
259 2169 283 2215 in
294 2170 405 2232 crepidine
420 2169 548 2222 collocatus,
571 2165 666 2213 sordidae
687 2179 726 2226 ap-
760 2211 765 2218 ,

52 2233 244 2295 pellationis„aed
253 2235 350 2282 robustae
361 2235 396 2282 vir
402 2233 545 2296 praeatautiac,
565 2229 674 2284 “Moru''
690 2230 725 2276 in-

52 2299 112 2358 quit,
133 2297 187 2344 “de
201 2299 302 2346 ceteris:
321 2299 410 2345 interim
428 2313 441 2345 a
458 2298 505 2344 sole
521 2297 575 2344 mihi
593 2296 661 2343 velim
678 2309 724 2341 non

53 2361 160 2409 obstes.”
178 2362 265 2416 Quibus
276 2364 350 2411 verbis
366 2364 404 2410 ilia
420 2363 525 2409 nimirum
536 2361 624 2408 inhaesit
635 2367 726 2407 senten-

51 2428 99 2474 tiar
121 2427 252 2474 Alexander
266 2427 396 2490 Diogenem
410 2429 482 2492 gradu
497 2443 538 2474 suo
552 2427 633 2474 divitiis
643 2426 726 2489 pellere

51 2497 143 2549 tentet3
155 2493 249 2539 celerius
257 2492 354 2540 Durium
365 2493 438 2542 armis.
462 2491 527 2540 Idem
539 2492 661 2554 Syracusis,
673 2506 726 2538 eum

51 2556 118 2602 olera
134 2557 155 2603 ei
170 2557 253 2604 lavanti
263 2558 394 2620 Aristippus
407 2559 507 2612 dixisset,
526 2565 542 2588 ‘⁴
551 2557 575 2606 si
585 2556 725 2618 Dionysium

50 2621 147 2668 adulare
165 2619 242 2676 velles,
262 2623 306 2670 iata
323 2637 370 2670 non
389 2623 482 2681 eases;'’
501 2621 625 2677 “Immo,‘’
646 2621 725 2682 inquit,

50 2686 96 2734 “ai
109 2693 136 2734 tu
146 2687 191 2736 ista
200 2689 250 2736 eata
259 2689 336 2746 uelles,
349 2703 394 2736 non
405 2688 505 2738 adularer
516 2685 677 2750 Dionysium·¹'

485 2757 528 2798 2a
