1820 2982
203 177 250 222 rso
297 171 375 226 vnn.
386 169 528 226 tinxisti
542 173 655 226 Lollii
670 175 730 228 css.
740 179 765 226 τ’.

198 301 252 347 estis
271 315 297 350 es
315 299 499 357 considerassent,
520 317 571 365 quae
590 302 697 364 speculari
711 299 769 364 jussi
785 303 852 351 eset

196 365 289 426 proniio
304 365 355 412 dato
365 365 419 428 ipsis
426 368 578 428 Jumentisque
588 381 673 421 eorum,
687 366 809 428 ipcolumes
822 363 855 408 di·

197 429 265 476 misit.
287 428 341 482 Quo
359 437 405 476 tuns
422 431 489 492 pleno
503 432 591 480 fiduciae
605 431 682 493 spiritu
695 431 756 492 prius
770 429 853 476 scinco

197 493 301 546 hostium,
311 507 377 553 quarn
386 509 454 548 enno,
464 497 572 543 contudit.
588 495 682 550 Verum,
694 503 719 541 ut
728 495 757 542 ad
767 493 852 542 mosee

196 557 240 603 tica
254 558 342 604 eximias
359 560 407 620 ejus
423 560 511 608 fiduciae
525 568 574 608 acta
590 561 712 612 veniamus.
729 573 780 606 cum
797 571 811 604 a
826 555 853 602 L·

196 621 300 682 Scipione
309 636 338 668 ex
346 623 494 671 Antiochensi
501 624 594 686 pocomi
603 624 654 671 HS.
662 623 792 686 qusdsogies
800 621 853 668 ratic

195 686 219 730 in
227 683 288 732 cuni
299 695 457 748 reposceretur,
469 690 580 751 prolatum
591 689 618 735 ab
628 705 656 735 ec
665 689 752 741 librum,
765 702 809 750 quc
816 700 851 734 ao·

194 758 266 812 ceptae
284 758 308 797 et
323 765 428 814 expensae
444 769 538 802 summac
554 754 729 806 continebuntur,
745 759 771 798 et
785 748 850 797 rotelli

194 814 334 861 inimicorum
345 818 455 864 accusatio
469 825 564 880 poterat,
580 818 709 880 discerptim
725 816 850 878 indignatus

194 878 222 924 de
237 877 264 925 ei
278 895 302 928 re
316 880 416 935 dubitari,
432 897 484 942 quae
499 883 540 929 sub
553 884 603 945 ipsc
616 883 692 945 legato
702 881 850 928 administrata

194 942 273 990 iuerat.
302 943 446 998 Quinetiam
463 947 487 992 in
506 947 566 993 hunc
584 947 676 994 modum
694 946 754 1008 egita
774 943 851 992 “Non

194 1009 270 1063 reddo,
286 1016 360 1070 patros
374 1011 499 1073 conscripti,
516 1011 593 1059 temno
607 1019 683 1058 vestro
694 1009 746 1058 HS.
759 1009 850 1071 quous·

194 1073 243 1134 gies
262 1074 377 1130 rationem,
400 1075 465 1122 alieni
486 1076 571 1138 imperii
592 1076 699 1128 minister,
722 1075 782 1135 quod
802 1085 850 1120 asto

193 1137 270 1192 ductu,
286 1141 387 1201 meisque
398 1140 501 1202 auspiciis
510 1141 544 1187 bis
554 1140 634 1187 millies
645 1139 697 1187 HS.
706 1139 795 1185 uberim
803 1135 850 1184 ieci·

194 1201 277 1264 Neque
291 1203 350 1250 enirn
368 1205 419 1258 huc,
436 1213 498 1267 puto,
514 1205 659 1267 malignitatis
669 1210 769 1256 ventssm,
786 1209 811 1248 ul
824 1200 850 1247 tls
893 1221 894 1268 p

192 1267 244 1314 net
257 1266 385 1316 innocentii
398 1269 542 1330 quaeoendun
553 1270 595 1316 sit:
614 1283 673 1322 nam,
690 1282 742 1314 oum
751 1265 850 1314 Airicam

192 1338 262 1377 totam
273 1333 378 1392 potestati
388 1341 470 1381 vestre
480 1333 616 1396 subjecerim,
631 1333 685 1379 ninii
699 1345 729 1378 ex
742 1329 779 1384 ci,
793 1328 849 1391 quod

191 1409 266 1442 meum
277 1396 393 1450 diceretun
402 1405 625 1460 prsetescognomem
634 1397 706 1444 retssi.
721 1395 777 1442 Nou
784 1395 849 1457 igitau

191 1471 228 1504 sne
240 1457 340 1514 Puniceo,
357 1460 504 1509 confratrem
518 1477 594 1509 meum
605 1461 712 1508 Asisticoe
721 1473 790 1522 guae
799 1474 849 1508 svs·

191 1537 240 1568 nun
252 1523 405 1571 reddiderunt:
419 1526 459 1570 sed
469 1533 562 1586 uterque
572 1525 673 1572 nostrisa
680 1525 753 1586 msgis
760 1520 847 1576 invidiis

189 1593 256 1646 quam
264 1585 364 1647 pecunii,
376 1588 508 1650 locupletior
518 1588 576 1636 est.”
592 1589 651 1636 Tam
661 1595 802 1636 comtantmn
812 1588 847 1636 de·

188 1649 312 1696 tensionem
324 1651 434 1712 Scipionis
445 1654 562 1700 universus
572 1660 662 1700 senatus
673 1653 831 1715 comprobavit.
892 1655 893 1704 ι

222 1714 286 1760 Sicut
295 1721 320 1761 et
333 1715 387 1762 illud
402 1715 494 1772 iactum,
510 1716 578 1778 quod,
593 1731 645 1764 cum
658 1717 687 1764 sd
701 1717 846 1764 mansium

189 1778 315 1840 reipublice
325 1795 390 1827 usum
401 1783 516 1843 pecuniam
530 1795 559 1829 ex
572 1782 650 1828 mario
663 1781 737 1844 promi
747 1796 805 1843 opus
813 1795 846 1828 es·

188 1853 230 1898 set,
240 1844 308 1906 idque
318 1853 441 1905 quaestores
450 1847 512 1909 (quic
522 1846 559 1892 lex
569 1847 656 1894 obstare
664 1844 787 1907 videretur)
798 1860 846 1907 aps·

188 1909 231 1956 rire
241 1923 287 1954 non
298 1910 410 1964 auderent,
423 1911 522 1972 privatus
532 1911 606 1958 claves
619 1910 734 1973 poponem
750 1909 844 1972 pstet'sc·

186 1981 254 2034 toque
273 1975 358 2026 aerario,
375 1975 449 2036 legem
465 1974 554 2022 utilitati
572 1975 652 2021 collese
665 1975 748 2037 cfiegit.
773 1974 843 2030 stsm
891 2003 892 2006 =

185 2037 274 2098 quidem
290 2038 311 2084 ei
325 2038 427 2084 fiduciam
438 2039 575 2086 conscientia
584 2039 623 2086 ius
632 2039 699 2093 cedit.
711 2035 756 2100 qui
766 2039 842 2086 mesati-

185 2109 249 2149 nerat
263 2115 341 2148 omnes
358 2102 420 2164 leges
434 2117 448 2149 s
463 2118 572 2150 seseesse
581 2111 688 2150 aersstas.
722 2101 778 2150 Nou
793 2103 841 2152 isti·
891 2153 892 2156 ,

183 2169 254 2228 gabon
264 2167 363 2228 ejtssdem
371 2167 429 2213 iiscta
436 2167 555 2214 identidem
566 2167 687 2221 reserando
699 2169 804 2228 quociens
814 2181 840 2214 se

182 2232 220 2278 iile
234 2231 322 2290 quidem
334 2231 356 2276 in
368 2232 477 2278 consimili
491 2247 574 2294 gentse
589 2233 679 2278 sirtrstis
692 2232 778 2280 edendo
791 2232 839 2280 isti·

181 2303 248 2356 gntus
256 2302 297 2340 est
314 2294 383 2340 Diem
392 2295 423 2341 illi
431 2297 459 2342 ad
467 2297 573 2358 populum
582 2297 619 2344 Μ.
626 2295 730 2350 Naevius,
742 2297 838 2344 tribuunt

181 2358 258 2419 plebis,
277 2367 315 2402 eut
332 2359 369 2420 (ut
384 2360 472 2420 quidam
487 2359 623 2421 memorant)
635 2361 679 2406 duc
691 2361 766 2408 Petilii
780 2361 838 2406 ‹iisc-

180 2429 242 2466 rnnt:
269 2435 314 2479 quo
334 2421 420 2483 ingenti
441 2424 566 2485 frequentii
586 2426 610 2471 in
629 2424 704 2470 iorum
725 2425 835 2474 deductus·

179 2485 264 2530 Rostra
278 2486 414 2538 conscendit,
432 2490 541 2550 capitique
558 2504 599 2536 suo
616 2487 699 2536 cononi
713 2489 836 2550 triumphali
890 2507 891 2552 ι

177 2544 287 2607 impositi,
307 2555 323 2576 ‘⁰
335 2547 388 2595 Hac
397 2551 468 2611 egc‚”
484 2553 562 2614 inquit,
581 2560 597 2584 ⁸⁴
606 2553 713 2608 Qtsili'tffl,
725 2553 769 2607 die,
782 2552 835 2602 css-

177 2609 299 2670 thaginem,
316 2625 399 2673 magna
414 2615 542 2676 mirantem,
559 2618 622 2679 leges
636 2625 723 2666 intras
737 2617 834 2679 sccipcrc

171 2673 247 2736 Jussis
266 2674 359 2737 proinde
369 2691 458 2738 coquum
470 2687 505 2728 est
518 2696 560 2730 scs
569 2697 658 2730 mecum
668 2682 701 2730 irc
710 2681 734 2730 ic
745 2679 834 2745 espisc-
890 2689 891 2759 p
