1820 2982
166 152 243 202 ιιι.
256 150 395 202 ιιιιιιιιιι
411 151 464 202 m
475 151 520 200 ιν.
541 111 635 202 cmo.
688 157 733 203 m

68 301 116 348 que
133 284 201 332 morti
217 285 363 332 irrhaerentenr
381 283 471 342 videre3
488 284 537 330 haeo
554 291 608 331 runt
621 299 677 332 vem
692 283 743 331 Ro-

69 365 148 397 manae
161 349 265 396 amicitie
278 348 371 396 iudiciur
390 347 428 394 illa
438 349 512 410 gentis
523 347 551 395 ad
560 348 692 412 tingendum
701 365 742 412 pu-

70 422 130 462 ratae
141 421 242 460 monstro
254 413 334 460 similia
343 412 465 460 mendacia„

107 476 159 541 (5.)
176 476 205 524 L.
219 493 307 538 quoque
322 477 442 524 Petronius
456 478 549 540 hujusce
562 477 633 524 leudis
650 477 748 526 consor-'

69 543 159 592 tionem
167 543 247 589 merito
257 543 361 588 vindicat.
381 541 434 587 Pari
444 542 526 588 etenim
537 543 627 602 iuclytae
639 544 743 590 amicitioe

67 625 131 656 ausu
142 623 181 668 par
191 607 269 668 gioriae
279 607 352 668 portio
363 606 482 652 auferenda
492 613 533 653 est.
559 607 688 654 Admodum
700 610 743 654 hu-

69 673 122 720 mili
138 672 188 718 loeo
203 679 275 724 natus,
291 672 319 718 ad
332 679 458 731 equestrem
469 672 568 719 ordinem
583 679 605 718 et
621 673 743 733 splendidae

69 737 161 784 militie
172 735 286 798 stipendia,
296 735 324 782 P.
336 735 401 783 Caetii
409 735 522 789 beneficio,
532 743 670 798 pervenerat
698 736 743 784 Cui

71 807 166 864 gratum
180 801 286 854 animum,
302 800 353 860 quie
367 801 391 845 in
406 798 459 846 lert
473 799 566 847 materie
579 801 682 847 exhibere
697 816 744 847 non

72 865 209 927 contigerat,
225 865 249 911 in
261 862 293 918 ei,
306 880 372 925 quam
383 865 481 926 iniquam
492 863 594 912 Fortuna
604 881 654 912 esse
664 866 743 920 voluit,

70 945 128 978 cum
145 927 217 977 multi
230 929 274 976 fide
289 929 399 991 praestitit.
424 929 483 976 Erat
499 931 526 976 eb
541 929 637 976 Octauio
651 931 743 976 consule

72 995 200 1044 Placentiae
209 995 342 1056 prepositus
354 993 446 1042 Caeliur.
469 990 522 1046 Qui
535 1009 549 1040 e
564 992 669 1042 Cinnuno
680 1008 745 1040 exer-

69 1059 123 1108 citu
133 1056 205 1122 cepti,
218 1066 241 1106 et
251 1060 386 1120 teniorjum,
399 1065 423 1105 et
432 1057 499 1120 graui¹
507 1057 633 1104 valetudine
643 1056 743 1113 affectus,

69 1140 104 1172 ne
112 1125 136 1170 in
144 1129 278 1184 potestatem
288 1123 387 1170 hortium
397 1122 491 1174 veniret,
503 1121 533 1168 ed
541 1121 648 1168 auxilium
660 1121 746 1170 dextrae

71 1187 179 1238 Petronii
189 1203 202 1234 o
273 1187 299 1234 ‘t.
318 1187 393 1242 Quem
402 1187 422 1234 iu
430 1187 457 1234 ub
465 1186 553 1247 incepto
562 1185 655 1232 consilio
662 1184 746 1233 frustra

71 1260 171 1302 conatus
182 1253 241 1299 abstr
270 1244 314 1306 ere,‘
330 1253 354 1298 in
367 1251 445 1298 iisdem
455 1257 635 1312 perseverantem
645 1250 747 1311 precibus

70 1318 197 1371 interemit,
209 1316 308 1376 caedique
320 1317 368 1378 ejus
379 1330 442 1362 suum
452 1315 544 1376 jumen
561 1321 596 1368 ιιε,Ι
614 1330 642 1360 eo
645 1316 744 1377 jacente,

69 1399 115 1447 per
126 1396 194 1442 quem
210 1380 284 1427 omnia
292 1376 413 1442 'dignitatis
424 1379 562 1426 incrementa
572 1375 687 1426 assecutus
696 1379 746 1426 fue-

71 1453 117 1500 rat,
136 1452 268 1506 superesset.
294 1443 333 1492 Ite
345 1445 435 1493 utetur
444 1443 492 1493 fato
503 1445 643 1499 verecundia,
655 1443 746 1492 ulterius

69 1514 154 1576 pictam
167 1524 257 1556 causam
267 1509 369 1570 praebuit.
810 1511 811 1516 ’

109 1572 158 1639 (6.)
165 1573 182 1623 J
183 1573 300 1635 ungendus
308 1581 343 1620 eut
351 1572 459 1620 Petronio
469 1573 517 1622 ser.
526 1573 660 1632 Terentium
667 1589 746 1635 quem·

70 1656 144 1704 quem
155 1639 183 1692 ei,
196 1639 254 1686 sicut
262 1638 366 1700 cupierat,
375 1653 417 1699 pro
427 1639 499 1686 amico
508 1655 548 1686 uuo
557 1639 629 1701 perire
637 1654 682 1685 non
691 1654 747 1686 con-

71 1706 136 1768 tigit.
167 1701 262 1764 Incepto
281 1717 377 1762 namque
392 1703 492 1764 egregio,
511 1718 557 1750 nou
574 1703 637 1750 irrito
653 1711 743 1758 eventu,

69 1767 184 1822 aestimari
200 1767 279 1824 debet;
295 1767 353 1830 quin,
371 1767 519 1828 quantumin
535 1767 574 1814 illo
590 1766 640 1820 fuit,
659 1775 682 1814 et
697 1769 746 1830 ipse

71 1834 202 1885 exstinctus
212 1837 254 1885 eet,
266 1838 290 1878 et
300 1831 333 1878 D.
344 1830 431 1880 Brutus
441 1829 564 1892 periculum
571 1831 651 1876 mortis
659 1833 743 1878 evasit:

70 1900 120 1963 qui,
138 1897 229 1958 iugiem
247 1911 261 1942 ιι
277 1893 377 1949 Mutine
394 1902 420 1942 ut
436 1894 464 1942 ed
482 1909 508 1940 re
522 1893 699 1947 interficiendum
718 1897 746 1942 ub

71 1963 180 2014 Antonio
191 1961 272 2008 miueos
287 1961 373 2022 equites
387 1959 504 2006 advenisse
518 1958 633 2020 cognovit.
649 1959 745 2018 quodum

70 2031 98 2077 in
112 2029 166 2074 loco
171 2027 243 2089 jurtae
252 2040 327 2087 poeure
341 2025 439 2072 debitum
450 2023 552 2086 spiritum
568 2023 664 2070 tenebris
677 2021 747 2069 furari

71 2093 211 2142 conabatur:
222 2105 294 2150 eoque
298 2091 345 2153 jam
353 2087 412 2138 facet
419 2089 548 2150 irruptione,
557 2087 679 2134 Terentius
686 2085 747 2134 fideli

70 2157 193 2207 mendacio
201 2155 335 2202 obscuritate
342 2153 390 2216 ipsi
398 2151 542 2214 suffragante,
554 2152 652 2202 Brutum
663 2167 689 2198 re
699 2167 749 2198 eme

72 2221 199 2275 simulavit,
215 2227 239 2267 et
249 2235 330 2282 corpus
344 2235 409 2266 uuum
422 2217 576 2265 trucidandum
587 2216 698 2276 equitibus
708 2217 748 2262 ob·

68 2289 136 2353 jecit.
157 2285 244 2332 Verum
255 2285 364 2346 cognitus.
371 2299 385 2330 e
392 2282 470 2336 Furio,
483 2283 518 2329 cui
529 2281 646 2328 Brutiunae
657 2280 748 2328 ultionis

72 2352 175 2400 officium
190 2349 319 2396 mandatum
329 2348 408 2403 fuerat,
421 2362 476 2394 nece
487 2346 527 2394 oui
538 2347 603 2394 amici
615 2346 746 2408 supplicium

73 2418 188 2464 dimotae
202 2429 250 2461 non
262 2414 342 2476 potuit.
367 2414 404 2462 Sic
419 2413 509 2468 invitus,
526 2409 629 2460 Fortuni
643 2417 747 2474 cogente,

73 2482 141 2532 vixit·
776 2513 778 2521 ι

111 2541 162 2608 (7.)
174 2544 212 2590 Ab
219 2544 262 2590 hoe
270 2543 360 2590 horrido
369 2549 392 2590 et
400 2543 458 2590 tristi
468 2543 586 2605 pertinacis
597 2541 707 2594 amicitiae,
721 2538 749 2586 ud

74 2613 157 2659 taetum
172 2615 197 2656 et
215 2623 319 2660 rerenum
338 2608 426 2656 vultum
442 2615 594 2656 transeamus:
613 2613 680 2668 etque
698 2619 748 2651 eom

76 2675 132 2723 iude
145 2681 269 2730 «roceum,
285 2673 409 2722 ubiomnie
418 2673 531 2734 lucrymis,
546 2671 640 2738 gemitu,
653 2669 751 2720 oredibuu

455 2742 496 2784 2³
512 2743 527 2784 8
