1820 2982
149 168 227 220 val.
240 169 378 222 Maxim
393 172 447 222 Lu
461 173 506 222 lv.
526 171 586 224 err.
597 163 621 222 o.
678 176 730 221 los

333 311 451 384 Euterno.

88 425 128 488 (1.
133 421 143 484 )
161 423 231 478 Quod
241 424 347 485 sequitur,
363 425 595 480 extemisannectom,
608 425 660 486 quia
674 431 726 471 unte

58 497 152 550 gestum
170 497 212 542 est,
231 505 297 550 quum
315 489 414 536 Etruriae
431 491 509 536 civitas
524 492 619 537 daretur.
641 490 726 537 Excel-

58 554 142 600 lentis'
135 569 160 598 rn
169 551 196 600 eti
207 555 298 615 regione
308 555 476 634 pulchritudinis
488 556 622 608 adolescens,
635 556 726 600 nomine

60 619 182 678 Spurinna,
201 634 252 664 cum
269 616 325 664 mirri
342 620 415 679 specie
432 620 578 696 complurium
593 619 725 666 feminarum

58 683 181 728 illustrium
193 683 320 728 sollicitaret
331 684 414 736 oculos,
426 683 550 744 ideoque
529 685 582 730 viris
593 699 619 730 uo
629 684 727 745 porenti-

58 747 104 792 bus
119 762 195 792 earum
211 763 235 792 se
248 753 374 808 suspectum
390 763 439 794 esse
449 749 548 804 sentiret,
564 749 609 793 oris
624 747 726 794 decorem

59 811 191 856 vulneribus
202 810 308 864 confudit,
321 811 527 872 deformitatemque
542 813 664 858 sanctitatis
680 827 727 858 suae

58 955 111 986 esse
122 905 208 985 ritaluit.

93 1005 121 1066 (2
123 1001 141 1062 .)
106 1003 256 1050 2Athenis
267 1005 354 1064 quidum
366 1005 451 1050 ultimae
459 1005 587 1057 senectutis,
600 1019 651 1050 cum
663 1019 727 1064 spec-

58 1076 132 1116 tatum
149 1069 236 1114 ludos'
230 1083 253 1113 m
270 1069 380 1114 theatmm
398 1069 503 1121 venisset,
521 1083 616 1129 eumque
632 1083 698 1114 nemo
713 1083 727 1114 e

56 1133 146 1179 civibus
154 1147 240 1178 sessum
249 1133 362 1194 reciperet,
372 1133 400 1178 od
409 1131 631 1179 Lacedaemoniorum
639 1132 726 1192 legatos

56 1198 119 1244 forte
129 1198 244 1257 pervenit:
263 1199 309 1256 qui,
327 1197 425 1242 hominis
438 1203 505 1243 aetate
519 1196 582 1249 moti,
600 1211 668 1242 canos
679 1197 726 1257 ejus

58 1270 84 1309 et
98 1275 172 1308 annos
187 1261 317 1323 assurgendi
332 1261 405 1307 officio
421 1260 521 1307 venerati
536 1267 594 1314 sunt,
607 1261 728 1320 sedemque

58 1328 80 1373 ei
92 1327 152 1372 inter
160 1325 221 1386 ipsos
231 1325 403 1372 honoratissimo
413 1325 464 1372 loco
475 1325 589 1372 dederunt.
610 1324 680 1378 Quod
691 1325 727 1370 ubi

58 1391 108 1438 fieri
123 1391 219 1451 populus
235 1381 345 1452 adspexit,
363 1390 462 1437 maximo
478 1391 557 1452 plausu
574 1390 653 1436 alienae
666 1388 727 1436 urbis

58 1455 217 1502 verecundiam
229 1455 387 1516 comprobavit.
413 1454 499 1501 Ferunt
510 1463 564 1501 tunc
575 1470 645 1502 unum
656 1470 669 1500 e
680 1453 727 1500 La-

57 1519 203 1568 cedaemoniis
219 1519 343 1566 dixisse:⁴
346 1520 429 1582 ‘Ergo
448 1521 606 1576 Athenienses,
627 1519 680 1581 quid
697 1519 728 1566 sit

56 1591 153 1638 rectum,
167 1584 255 1642 sciunt;
272 1585 312 1631 sod
321 1585 344 1632 id
353 1584 427 1632 facere
437 1583 580 1649 negligunt.”

343 1729 440 1744 μ

172 1833 232 1884 Cer.
245 1834 365 1882 VL-De
376 1835 462 1881 Amore
474 1832 611 1895 eonjogatt.

197 1941 272 2004 Cujus
281 1941 386 2002 coempto
398 1941 509 1987 Romano
520 1945 578 1984 sunt

55 2037 79 2078 l.
97 2029 136 2078 Ti
145 2029 263 2076 Gracchus
274 2045 353 2090 maor
410 2029 433 2072 4
452 2022 633 2078 JuliaCFcn
638 2023 729 2086 Magni

54 2101 79 2142 2.
100 2092 358 2142 C-PlautiusNumida.
411 2093 434 2138 5.
454 2089 541 2142 Porcia,
582 2087 618 2136 M.
640 2087 667 2134 F.
688 2089 725 2136 M.

53 2167 82 2207 3.
100 2159 139 2207 Μ.
147 2158 257 2205 Plautius.
508 2153 582 2201 Bruti.

333 2259 447 2306 Externa.

57 2358 80 2399 l.
97 2347 379 2402 Artemisiamousotire-
412 2351 434 2392 2.
451 2345 610 2408 Hypsicratea,
635 2345 729 2394 Mithri-

80 2495 84 2502 =
157 2415 202 2520 ,δὴ
240 2480 264 2524 8.
281 2473 395 2528 Lmaenae.
408 2411 645 2542 Minymffipisrffs

91 2601 115 2648 A
123 2597 212 2663 placido
224 2605 247 2645 et
255 2597 301 2645 leni
310 2595 392 2644 affecto
402 2597 430 2644 ud
441 2612 505 2658 oeque
512 2599 640 2655 honestum,
651 2614 737 2647 verum·

54 2667 178 2730 aliquanto
195 2663 343 2712 ardentiorem
355 2670 378 2710 et
388 2663 563 2720 concitatiorem,
575 2680 667 2727 pergam
674 2682 682 2722 ς
698 2663 732 2710 le·
