1870 2990
163 181 242 231 VAL.
256 178 396 232 uaxlrss
412 177 465 232 lira
478 177 539 232 vn.
557 174 620 234 Car.
634 173 658 231 7‘.
697 179 746 231 291

69 325 102 362 ex
114 317 172 380 ,octo
185 309 244 368 tiliis,
260 327 317 376 quos
331 313 355 360 in
372 313 542 362 adolescentiam
559 313 700 377 perduxerat,
718 310 746 358 ab

69 391 121 424 uno
135 377 161 423 in
175 377 318 440 adoptionem
332 379 386 426 dato
398 379 566 427 exbaercdatum
583 395 614 433 se,
631 376 745 439 querelm

69 442 205 500 detulissem
221 444 331 489 bonorum
342 443 490 492 adolescentis
499 444 664 508 possessionem
675 442 696 488 ei
706 441 747 488 de-

69 507 113 560 dis,
131 507 277 568 haeredesque
291 507 344 570 lege
359 523 427 571 agere
441 504 521 572 passus
536 523 583 556 non
600 515 641 556 est.
667 505 746 554 Movit

69 569 176 634 protecto
187 571 294 618 Pisonem
305 573 376 634 patria
386 575 497 636 maJestas,
510 574 594 621 donum
604 573 665 627 vitae,
677 572 747 620 bene-

69 635 150 682 lidum
165 635 317 684 educationis:
337 637 376 684 sed
392 637 475 699 aliquid
488 639 555 687 etiam
569 635 635 684 flexit
647 635 747 684 circum-

70 700 182 747 stantium
196 701 316 747 lrberorum
326 716 440 756 numerus,
452 703 513 764 quod
523 717 575 750 sum
585 710 649 765 patre
659 708 745 764 septen

68 764 155 813 fratres
165 765 232 827 impie
242 765 395 812 exhaeredatos
405 767 500 814 videbat

105 826 155 892 (6.)
174 828 253 883 Quid?
268 829 380 878 Mamerci
388 829 743 894 AEmiliilaepidiconsnlisquam

115 909 145 940 ve
157 893 283 942 decretum!
303 895 420 942 Genucius
435 895 533 957 quidam,
549 895 633 942 Matris
648 892 745 956 Magnae

69 909 165 1012 ἔξω
182 955 252 1006 acu.
260 958 342 1006 Oreste
351 967 450 1022 praetore
459 959 530 1006 Urbis
543 961 707 1022 impetraverat,
719 965 746 1004 ut

69 1023 163 1071 restitui
178 1037 203 1080 sa
217 1024 241 1069 tn
255 1024 314 1072 bona
327 1023 434 1072 Naeriani
440 1025 536 1087 juberet,
548 1039 644 1085 quorum
655 1031 746 1085 possess

69 1088 162 1136 sionem
171 1087 293 1135 secundum
303 1089 389 1136 tabulas
397 1089 524 1136 testamenti
533 1089 560 1136 ab
567 1089 616 1150 ipsu
624 1092 748 1149 acceperat.

70 1147 209 1214 Appellatus
223 1147 356 1200 Mamercus
370 1167 384 1199 a
399 1153 503 1208 Surdino,
520 1154 584 1216 cujus
593 1152 686 1198 libertus
697 1150 747 1198 Ge-

71 1217 167 1264 nucium
186 1217 298 1264 baeredem
316 1216 406 1272 fecerat,
426 1217 553 1280 praetoriam
565 1216 745 1279 jurisdictionem
777 1219 779 1224 '

69 1281 206 1343 abrogavit3
217 1282 277 1342 quod
285 1281 375 1337 diceret,
386 1289 402 1314 ‘⁴
411 1282 548 1336 Genucium,
557 1280 677 1343 amputatis
686 1277 744 1344 [sui]

70 1346 144 1409 ipsius
158 1353 239 1408 sponte
248 1345 382 1409 genitalibus
392 1347 491 1409 corporis
505 1346 610 1409 partibus,
626 1357 700 1406 neque
708 1343 746 1391 vi·

68 1425 152 1458 mmm
163 1425 236 1472 neque
246 1409 365 1458 mulierum
376 1426 471 1459 numero
478 1411 552 1458 haberi
560 1407 663 1458 debere?
679 1407 745 1458 con..

69 1475 168 1523 veniens
178 1473 304 1530 Mamerco,
316 1477 452 1524 conveniens
462 1475 556 1538 principi
567 1475 658 1522 senattls
668 1474 746 1522 decre-

71 1549 139 1598 tum3
156 1555 202 1600 quo
218 1541 333 1602 provisum
348 1548 390 1596 est,
408 1555 438 1588 ne
454 1538 560 1588 obscoenl
574 1539 671 1588 Genucii
684 1553 746 1602 prae·¹

69 1603 154 1659 sentia,
173 1602 332 1665 inquinatique
350 1621 413 1660 voce,
436 1606 553 1654 tribunalia
570 1605 743 1668 magistratuum

70 1671 115 1718 sub
126 1669 200 1732 specie
209 1669 273 1730 petiti
279 1669 337 1732 juris
346 1671 505 1732 polluerentur.
738 1689 742 1706 ι

72 1745 76 1756 ’
105 1733 158 1798 (7.)
175 1733 252 1780 Multo
265 1732 297 1788 Q,
308 1733 417 1780 Metellus
426 1741 546 1795 praetorem
557 1734 665 1781 urbanum
677 1749 743 1782 seve·

72 1801 157 1848 tiorem
171 1798 227 1860 egit,
242 1813 309 1859 quam
325 1798 418 1845 Orestes
432 1805 545 1860 gesserat:
564 1798 603 1856 qui
615 1797 699 1844 Vetilio
710 1799 743 1844 le-

71 1864 129 1912 noni
145 1864 256 1910 bonorum
270 1861 372 1911 Juvcntii
386 1861 550 1924 possessionem
567 1862 690 1907 secundum
707 1868 744 1908 ta·
781 1877 782 1884 ¹

68 1929 136 1977 bulas
150 1927 278 1974 testamenti
293 1941 339 1973 non
349 1927 423 1984 dodim
440 1926 493 1986 quia
506 1926 542 1972 vir
555 1925 705 1971 nobilissimus
719 1935 744 1974 et
804 1949 808 1958 =

71 1992 220 2058 gravisnmus
230 1990 273 2038 tori
281 2006 307 2038 ac
315 1991 427 2053 lupanaris
438 1989 580 2052 separandam
592 1989 743 2036 conditionem

70 2057 223 2106 existimavit:
242 2070 283 2103 nec
293 2063 333 2102 sut
342 2055 426 2103 sactum
437 2055 495 2102 illius
505 2053 650 2115 comprobare
660 2053 740 2108 voluit,

71 2123 111 2186 qui
125 2121 228 2169 fortunas
239 2135 290 2167 suas
300 2121 323 2166 in
335 2121 445 2168 stabulum
456 2118 631 2166 contaminatum
641 2119 743 2180 projece-

71 2195 122 2244 rst3
133 2193 173 2234 aut
180 2185 239 2239 huic,
249 2192 361 2246 tamquam
372 2187 461 2247 integro
471 2185 522 2237 civi,
529 2184 583 2246 jura
593 2181 691 2238 reddere,
702 2181 745 2244 qul

71 2267 98 2302 sa
108 2251 137 2300 ab
147 2249 210 2299 omni
220 2250 316 2298 bonestc
325 2250 380 2299 vitae
389 2264 473 2314 genere
483 2250 606 2314 abruperat.
