1820 2982
166 163 245 214 VAL
258 124 396 220 Multltsss
411 169 466 228 Lu,
480 169 511 222 V.
531 171 591 224 Can·
606 178 628 225 l·
684 182 732 238 rte

82 291 138 358 (8.)
157 291 186 340 L
200 295 267 342 etiam
282 294 348 345 Pauli
358 299 382 348 lo
392 300 431 348 tali
444 317 528 366 gerare
537 304 610 354 laudis
619 308 727 356 memoria

48 359 242 420 apprehendenda
251 369 294 408 eat.
321 362 367 418 Qui
379 381 430 412 oum
441 366 535 423 Persen,
546 371 609 431 parvi
620 373 727 433 temporis

49 423 299 486 momento'eaptivum
313 443 343 474 ex
357 443 418 491 rege,
434 432 462 479 ad
477 448 503 480 se
519 434 598 482 adduci
614 433 724 493 audisset,

49 489 153 535 occurrit
163 489 184 535 ei
195 489 294 538 Romani
302 492 387 555 imperii
395 495 512 544 decoratus
520 501 669 548 ornamentis:
685 517 724 548 oo-

49 561 179 613 natumque
188 554 217 600 ad
226 571 302 616 genua
311 561 463 618 procumbere,
475 562 554 610 dextris
564 580 632 612 manu
642 566 726 614 alleva·

49 619 93 670 vit,
113 626 138 664 et
150 619 234 664 Graeeo
245 635 348 669 sermone
358 624 386 670 ad
397 640 458 686 spem
470 629 600 676 exhortatus
610 638 652 678 est.
684 629 726 676 In-

48 682 184 728 troductum
202 684 268 730 etiem
285 685 309 730 in
326 689 498 745 tabernaculum,
514 693 577 740 lateri
593 707 634 750 suo
648 695 725 756 proxi·

50 761 117 792 mum
136 747 160 792 in
177 749 270 795 oonsilio
288 751 364 798 sedere
377 754 446 815 jussit
452 773 460 812 ;
476 771 519 804 neo
536 758 622 807 honore
638 773 724 811 mensae

51 811 174 872 indignum
186 813 303 874 judicavit.
323 815 465 880 Proponstur
478 821 501 867 in
519 824 640 884 conspicuo
656 825 723 879 acies,

51 873 100 935 qud
114 883 239 936 prostratus
254 887 288 926 est
303 879 391 936 Perses,
404 886 516 941 ethorum
528 901 608 941 rerum,
621 903 676 948 quas
687 905 724 936 re·

49 941 102 994 tuli,
122 948 257 999 contextas;
274 951 325 990 utro
342 948 414 1009 magis
433 951 559 1010 speetamrlo
573 952 722 1008 delectentur,

50 1005 158 1052 homines
169 1007 306 1054 dubitabunt.
333 1006 404 1066 Na'm,
421 1013 440 1058 si
453 1016 571 1076 egregium
586 1023 622 1062 est
635 1017 724 1064 hostem

49 1070 157 1145 abjicere,
175 1082 221 1118 non
237 1073 312 1121 minus
329 1081 404 1122 temen
420 1077 535 1135 laudabile,
553 1078 648 1128 infelicis
666 1081 724 1128 scire

48 1149 163 1180 miseren.
784 1171 788 1176 .

84 1197 138 1263 (9.)
157 1193 217 1246 Haeo*
228 1199 257 1247 L.
269 1201 333 1250 Pauli
343 1205 470 1252 humanitas
484 1205 590 1254 admonet
600 1222 644 1262 me,
657 1223 686 1256 ne
693 1209 725 1256 de

50 1262 100 1312 Cn.
120 1262 223 1326 Pompeii
241 1267 359 1314 clementii
377 1276 470 1316 taceam.
500 1271 590 1333 Regem
608 1273 726 1322 Armenias
744 1288 745 1292 ’

48 1327 179 1390 Tigranen,
197 1331 235 1390 qui
250 1338 273 1378 et
284 1332 324 1396 per
335 1349 360 1380 se
369 1349 453 1396 magna
460 1351 515 1387 *cum
525 1337 608 1398 populo
618 1337 725 1385 Romano

49 1393 113 1439 bella
123 1401 231 1454 gesserat,
249 1402 272 1441 et
285 1396 453 1444 infestissimum
466 1399 524 1446 Urbi
536 1409 621 1450 nostran
632 1402 726 1450 Miuri-

50 1457 123 1504 daten
135 1455 211 1504 Ponto
225 1459 321 1520 pulsum,
337 1463 420 1508 viribus
430 1464 477 1510 suis
487 1472 622 1526 protexerat,
634 1467 658 1512 in
669 1483 726 1514 oon·

49 1528 134 1583 speetu
148 1536 190 1567 suo
204 1523 287 1570 diutius
299 1526 375 1587 jacere
389 1529 510 1590 supplicem
525 1546 603 1592 passus
617 1547 663 1578 non
675 1539 725 1590 est;

51 1585 95 1634 sed
109 1586 213 1646 benignis
224 1589 296 1634 verbis
307 1604 437 1647 recreatum,
450 1595 557 1650 diadeura,
569 1596 630 1656 quod
639 1598 727 1659 alsjeoe-
789 1590 792 1598 ’
827 1633 831 1638 .

52 1658 97 1704 rat,
110 1651 177 1711 ospiti
188 1667 295 1714 reponere
301 1655 377 1716 jussit.
397 1654 515 1720 Certisque
526 1661 591 1708 rebus
605 1661 726 1722 imperatis,

50 1717 80 1762 in
99 1715 219 1776 pristinum
237 1717 335 1766 sortunae
352 1721 452 1768 habiturn
467 1725 578 1782 restituit;
596 1741 661 1785 seque
678 1727 729 1789 pul-

48 1780 136 1828 chrum
147 1795 197 1828 esse
202 1782 306 1843 judicans
317 1791 340 1830 et
349 1785 440 1832 sineere
450 1803 522 1848 reges,
534 1796 558 1834 et
567 1788 648 1835 faeere.

88 1843 155 1908 (10.)
174 1843 249 1899 Quam
260 1849 392 1908 praeolsrum
402 1851 493 1897 tribute
500 1852 644 1900 humanitatis
655 1853 729 1914 speei-

52 1923 110 1956 anen
118 1907 163 1958 Cn.
174 1909 312 1973 Pompeius!
324 1929 390 1974 quam
399 1915 523 1962 miserabile
531 1915 661 1962 desiderate
668 1918 728 1964 idem

54 1974 129 2022 evasit
147 1976 288 2038 exemplum!
307 1977 377 2034 Nam,
395 1979 433 2040 qui
452 1979 559 2041 Tigranis
575 1987 677 2041 tempora
692 1981 729 2028 is-

55 2039 118 2100 sigai
133 2039 196 2101 regio
211 2048 305 2096 texerat,
321 2045 370 2105 ejus
381 2050 454 2106 caput,
469 2045 539 2091 tribua
550 2045 638 2092 coronis
649 2045 730 2095 trium·

55 2103 160 2168 phalibus
171 2105 297 2167 spoliatum,
310 2107 333 2154 in
346 2123 387 2155 suo
401 2109 469 2156 morlo
483 2115 591 2156 terrarum
602 2109 663 2180 prbe,
675 2123 730 2156 ΜΙ-

55 2183 126 2229 quam
140 2170 261 2230 sepulture
275 2171 350 2218 locum
365 2173 455 2232 babuit3
473 2173 512 2220 sed
526 2174 636 2220 abscisum
650 2189 664 2220 s
678 2189 729 2220 cor-

54 2248 119 2294 pore,
137 2233 203 2296 inops
214 2235 272 2297 rogi,
289 2236 397 2284 nefarium
409 2237 527 2300 AEgyptiae
538 2237 636 2300 periidiae
646 2252 729 2284 munus

54 2305 172 2360 portatum
183 2306 224 2353 est,
242 2301 310 2348 etism
320 2301 362 2364 ipsi
373 2303 452 2359 victori
463 2303 593 2350 miserabile.
624 2303 659 2350 Ut
669 2303 730 2350 enirn

55 2363 79 2410 id
92 2360 173 2410 Caesar
190 2364 298 2425 adspexit,
316 2367 398 2412 oblitus
412 2368 490 2420 hostis,
508 2369 578 2415 soseri
592 2368 681 2415 vultum
695 2368 732 2414 in-

55 2427 115 2479 duit,
132 2441 159 2474 ae
177 2427 287 2490 Pompeio
298 2437 347 2476 turn
357 2433 464 2492 proprias,
481 2434 607 2480 tumetium
618 2432 671 2480 flliae
683 2447 734 2500 suae¹

55 2492 171 2550 lacrymas
182 2493 290 2540 reddidit:
310 2505 376 2557 eaput
387 2505 461 2544 autem
472 2498 573 2559 plurimis
584 2505 607 2546 et
617 2498 734 2560 pretiosis-

56 2555 123 2602 simis
134 2556 239 2607 odoribus
250 2561 393 2606 cremandum
404 2564 505 2620 eursvit3
517 2563 585 2624 quod,
598 2564 616 2610 sl
627 2569 731 2610 nontam

56 2630 192 2669 mansuetus
209 2624 298 2670 animus
314 2625 383 2672 divini
401 2627 506 2690 principis
520 2629 649 2683 exstitisset,
667 2625 734 2690 paulo

54 2693 114 2734 ante
122 2685 221 2736 Romul
230 2688 316 2752 imperii
324 2689 428 2742 columen
437 2693 543 2747 habitum,
554 2694 598 2758 (sie
605 2692 733 2744 mortalium

479 2762 543 2806 20³
