1820 2982
171 157 249 212 vat,
261 152 398 212 Maxlstl
415 155 532 212 lus-111.
550 159 610 210 Car.
620 163 644 208 8.
694 163 740 212 los

70 290 157 338 multis
166 283 264 354 impulsu
274 293 386 346 concitati,
399 291 510 340 Phalarim
518 289 626 354 lapidibus
642 297 741 352 prestera

71 363 162 402 nerent·
192 357 259 404 Senis
280 373 335 420 ergo
354 358 428 410 unius,
448 356 542 417 equuleo
565 354 669 416 impositi,
694 367 740 400 non

72 420 171 481 supplex
186 435 240 476 vox,
252 437 294 470 nee
304 422 433 469 miserabilis
448 421 550 482 ejulatus,
568 419 607 466 sed
622 417 686 466 fortis
701 434 741 465 eo-

72 483 179 536 hortatio,
192 486 261 532 totius
272 487 331 534 urbis
342 487 439 534 animum
450 485 607 546 fortunamque
618 483 721 530 mutavit.

106 547 160 612 (3.)
172 549 280 612 Ejusdem
289 551 385 598 nominis
393 551 543 612 philosophus,
553 565 603 596 eum
612 563 626 595 a
634 547 739 594 Nearcho

71 621 179 673 tyranno,
192 615 220 660 de
227 617 290 678 culus
302 631 356 662 nece
367 615 482 662 consilium
494 614 578 667 inierat,
590 620 738 674 torqueretur,

72 677 177 739 supplicii
187 679 268 740 pariter
279 687 345 741 atque
358 679 525 726 indicandorum
536 677 676 724 consciorum
687 693 740 740 grs-

71 741 120 798 situ
138 742 222 790 doloris
238 743 317 798 vietor,
335 745 373 791 sed
390 743 480 790 ultionis
499 742 598 803 cupidus,
615 757 665 788 esse
683 739 740 787 dixit

71 806 136 867 quod
150 822 202 853 eum
217 816 303 856 secrato
315 809 392 856 sudire
402 807 521 854 admodum
532 805 658 868 expediret:
677 805 740 852 laxa·

71 877 145 930 toque
156 873 257 932 equuleo,
269 881 387 935 postquam
397 871 482 918 insidiis
492 878 642 932 opportunum
650 877 738 931 tempus

70 935 239 991 sssimsdvertit,
255 952 330 984 auru
345 939 393 1000 ejus
407 952 484 982 morsu
499 934 612 996 corripuit,
630 948 671 980 nec
687 941 741 980 ante

70 1000 166 1054 diruisit,
182 1015 250 1062 quam
260 1002 342 1066 etipse
351 999 404 1056 vua,
416 1009 439 1048 et
450 1001 488 1047 ille
501 997 601 1062 eorporis
611 1005 681 1059 parte,
692 999 740 1060 pri·

70 1073 172 1111 veretur.

106 1127 154 1192 (4.)
170 1128 234 1176 Talis
247 1129 360 1192 patientiae
374 1127 469 1176 remulus
484 1124 639 1178 Anaxarchus,
657 1139 708 1170 eum
718 1139 738 1184 ‚a

70 1201 171 1254 wanno
183 1192 317 1256 Cypriorum
328 1193 481 1241 Nicocreonte
488 1195 635 1250 torqueretur,
645 1203 687 1235 nee
694 1188 740 1236 uus

69 1258 95 1304 vi
115 1258 210 1305 inhiberi
228 1267 311 1321 posset,
331 1274 375 1319 quo
391 1257 466 1304 minus
482 1253 669 1303 amarissimorum
685 1267 737 1300 eum

68 1321 241 1370 maledictorum
256 1324 383 1370 verberibus
398 1321 494 1368 invicem
509 1320 558 1382 ipae
573 1324 692 1379 torqueret,
709 1317 738 1364 ad

69 1387 178 1434 monium
199 1387 372 1451 amputationem
394 1387 479 1448 linguae
501 1383 618 1437 minitanti,
647 1389 664 1412 ‘⁶
680 1380 736 1430 Non

69 1450 142 1505 erit,”
159 1452 238 1512 inquit,
257 1460 273 1482 ‘⁴
284 1451 410 1499 effeminate
425 1451 559 1503 adolescens,
581 1446 630 1495 haeo
649 1462 737 1508 quoque

68 1517 235 1628 ffipi'opmrpoqip
244 1514 473 1628 mdffifflffi
481 1515 626 1590 protinuqque
634 1513 737 1623 dentibpp

181 1611 189 1635 ,
240 1597 290 1629 eom
359 1596 400 1628 ues
532 1591 711 1632 m,moseus1

68 1653 152 1708 patens
170 1647 266 1708 exspuit.
294 1646 422 1693 Multorum
440 1595 557 1692 aurnogsuailla
571 1593 697 1704 linguajet
712 1641 735 1687 in

67 1710 150 1772 primis
160 1710 284 1758 Alexandri
294 1711 361 1773 regis,
377 1710 522 1757 admiratione
535 1707 569 1754 sui
580 1705 686 1753 attonitu
696 1707 737 1754 hs·

66 1777 157 1828 bum
175 1775 228 1822 dum
239 1783 305 1822 terne
315 1775 472 1826 conditionem,
483 1773 582 1818 habitum
593 1770 670 1823 maris,
678 1769 737 1816 side·

67 1854 123 1886 rum
137 1846 220 1894 motus,
236 1841 305 1887 totius
319 1839 414 1900 denique
428 1837 506 1884 muudi
520 1842 628 1888 naturam,
640 1833 737 1895 pruden-

67 1904 159 1951 tissime
169 1911 193 1950 et
201 1903 358 1952 mundissime
371 1901 501 1964 expromsit
530 1897 602 1945 Paene
612 1905 687 1943 tamen
698 1911 737 1943 oo-
784 1927 793 1946 ,

68 1969 126 2016 cidit
138 1967 266 2030 gloriosius,
281 1983 348 2030 quem
364 1968 451 2029 siguin
468 1964 521 2025 quia
534 1969 581 2008 tam
591 1959 644 2006 lorti
654 1959 699 2006 flue
709 1959 738 2006 il·

67 2034 166 2080 luatrem
187 2032 330 2096 professionis
348 2040 424 2080 aetum
442 2025 600 2090 comprobavit,
621 2021 737 2086 [Anaxar-

69 2099 172 2159 chuaque
182 2113 228 2144 non
238 2099 308 2146 sitam
318 2097 386 2146 modo
396 2091 513 2158 deseruit]
525 2090 565 2140 sed
576 2095 672 2136 mortun
686 2087 737 2136 red-

69 2163 126 2210 didit
136 2163 260 2210 clariorem.

104 2225 157 2291 (5.)
174 2225 203 2273 ln
217 2225 338 2275 Theodoro
353 2240 449 2288 quoque,
464 2221 514 2270 viro
524 2216 664 2284 gravissimo·
677 2213 737 2264 Hio'·

70 2307 181 2356 rooymus
191 2299 300 2354 tymnnm
314 2290 397 2339 frustra
410 2297 520 2338 tortorum
534 2297 613 2331 manus
627 2281 737 2344 fatigavit.

70 2359 145 2420 Rupit
152 2357 211 2404 eslim
220 2358 318 2410 verbma,
327 2355 426 2403 iidieuias
433 2353 523 2405 laxavit,
534 2349 600 2397 solvit
608 2347 734 2408 equuleum,

70 2423 164 2470 laminas
174 2422 284 2470 exstinxit
289 2421 358 2484 prius,
368 2435 434 2482 quam
441 2413 616 2477 efficerepotuit,
626 2419 651 2458 ut
659 2419 736 2473 tyran-

70 2488 145 2534 nicidii
156 2487 260 2534 conscios
269 2487 384 2532 indicaret.
411 2481 555 2540 Quinetiam
572 2477 695 2530 satellitem,
711 2476 736 2521 in

70 2569 116 2614 quo
131 2552 201 2599 totius
216 2551 373 2598 dominationis
388 2563 482 2602 summa,
498 2545 560 2608 quasi
575 2541 671 2604 quodam
686 2555 735 2586 car-

70 2618 129 2671 dine,
141 2618 276 2669 versahatur,
288 2612 344 2662 falsi
350 2613 504 2661 criminatione
510 2607 655 2670 inquinando,
665 2604 735 2650 lidum

68 2682 132 2732 haesi
143 2683 192 2746 ejus
206 2681 323 2732 custodem
337 2677 433 2743 eripuit3
448 2674 599 2738 arduoque
612 2668 733 2736 ptiiffliils
