1820 2982
161 169 240 222 VAL
249 169 389 224 Mamm
405 171 458 222 nn
473 171 517 222 IV.
538 173 596 224 Car.
609 179 632 224 6.
689 181 732 226 tet

67 303 170 372 engadi
184 309 208 352 et
221 303 343 359 osculandi,
359 304 437 375 stricto
446 304 506 354 ferro
520 306 627 355 incubuit.
658 305 734 362 Quem

68 370 143 424 amici,
156 370 215 418 rictu
224 375 280 423 erat,
292 375 395 430 togatum
405 377 429 418 et
437 371 566 426 calceatum,
581 372 668 434 corpori
679 388 734 420 con-

62 436 128 499 jugis
135 435 275 496 junxerunt;
287 449 313 480 ac
321 433 401 482 deinde
408 436 511 498 subjectis
520 435 605 484 lacibus
615 444 735 498 utrumqne

66 499 282 548 unieremaverunt.
303 497 407 552 Quorum
417 501 447 545 ibi
457 500 540 548 factum
550 501 675 564 sepulcrum
686 501 734 550 Ta-

65 565 126 612 renti
152 563 219 610 etiam
244 577 304 608 nunc
329 563 472 625 conspicitur,
495 567 554 626 quod
575 573 668 614 vocetur
688 575 734 613 Tou

65 637 195 676 φιλουντων.
221 625 273 673 Nec
283 627 368 681 dubito,
379 629 439 688 quin,
453 629 471 674 si
482 631 531 690 quis
541 632 609 678 modo
617 631 734 678 exstinctis

66 706 150 742 ansus
165 691 231 744 inest,
250 690 352 738 Plautius
369 700 393 738 et
410 692 521 747 Orestilla,
537 695 577 741 inti
591 697 734 744 consortione

65 757 193 821 gestientes
203 756 279 802 stitus
289 757 385 802 tenebris
395 757 518 804 intulerint.
543 760 610 814 Sane,
627 761 663 808 ubi
674 761 733 807 idem

65 831 89 870 et
97 821 211 868 maximus
221 827 245 866 ct
254 821 423 867 honestissimus
431 837 494 868 amor
501 829 543 879 est,
555 825 667 886 aliquanto
675 839 734 888 prae-

65 894 114 936 stat
123 892 199 932 morte
205 885 279 947 jungi,
291 901 358 945 qutun
369 883 416 932 virt
426 887 524 934 distrahi.

100 948 150 1014 (4.)
169 947 298 998 Consimilis
312 948 404 997 affectus
420 951 496 1005 Juliae,
516 949 545 1001 C·
560 948 657 999 Caesaris
672 953 731 1007 filias.

64 1021 190 1064 annulus
203 1021 245 1062 est.
272 1013 333 1076 Quas
348 1031 399 1062 cum
411 1016 509 1062 aeffinois
524 1015 619 1062 comitiis
631 1015 733 1078 Pompeii

65 1080 153 1142 Magni
164 1079 267 1142 conjugis
277 1079 312 1125 sui
321 1087 408 1126 vestem
419 1095 498 1126 cruore
508 1095 630 1140 respersam
642 1079 732 1128 eCam-

64 1163 97 1210 po
112 1145 206 1192 domum
222 1143 312 1190 rehtam
327 1144 426 1198 vidisset,
443 1145 519 1190 territa
533 1151 603 1196 metu,
622 1159 695 1206 nequa
711 1148 732 1193 ei

64 1213 102 1260 vis
113 1217 175 1258 esset
184 1209 256 1262 ellats,
268 1209 377 1255 aunimis
387 1209 498 1266 concidit;
516 1215 652 1270 pnrttnnque,
665 1225 731 1270 quem

64 1283 133 1324 utero
142 1280 274 1334 conceptum
284 1273 384 1327 habebut
396 1271 468 1320 subiti
476 1273 543 1320 animi
551 1276 732 1322 consternatione

65 1349 91 1388 et
105 1339 171 1401 gravi
186 1337 262 1383 dolore
273 1339 371 1399 corporis
382 1339 461 1400 ejicere
471 1345 548 1384 coacta
559 1345 593 1384 est
599 1355 607 1396 ;
624 1347 691 1400 utque
701 1341 733 1387 ita

64 1403 203 1465 exspiravit5
220 1417 303 1463 magno
314 1403 402 1462 quidem
414 1417 465 1450 cum
477 1404 545 1450 totius
556 1410 663 1450 terrarum
673 1406 732 1452 orbis

65 1469 217 1523 detrimentor
234 1469 297 1528 cujus
312 1467 458 1528 tranquillitas
469 1475 503 1515 tot
514 1468 611 1515 civilium
622 1471 730 1516 bellorum

64 1531 257 1583 truculentissimo
271 1530 347 1578 lurore
359 1535 485 1593 perturbata
499 1549 545 1580 non
561 1542 626 1589 esset,
643 1537 661 1581 si
678 1534 731 1584 Cte-

63 1600 122 1648 saris
137 1604 161 1643 et
175 1595 277 1658 Pompeii
291 1597 409 1645 concordia
419 1600 543 1646 communis
554 1601 668 1662 sanguinis
680 1601 730 1648 viu-

62 1665 117 1712 culo
128 1661 249 1708 constricta
259 1661 383 1708 mansisset

99 1725 147 1791 (5.)
160 1725 228 1772 'Tuos
245 1741 334 1786 quoque
351 1727 486 1774 castissimos
500 1728 572 1790 ignes,
587 1727 671 1783 Portis,
689 1729 726 1776 M.

65 1792 163 1842 Catonis
170 1789 222 1844 lilia,
234 1799 315 1838 cuncto
326 1792 408 1837 saecula
417 1790 490 1838 debiot
499 1794 643 1839 admiratione
653 1809 731 1854 prose-

64 1865 178 1920 quantun
191 1869 242 1916 quae
253 1870 304 1902 cum
312 1857 371 1917 apud
380 1855 494 1916 Philippos
502 1857 586 1902 victum
594 1864 617 1902 et
624 1857 729 1902 interem-

66 1931 117 1970 tum
130 1921 203 1968 uirum
221 1927 284 1966 tuum
295 1920 393 1967 Brutum
408 1935 563 1981 cognosceres,
578 1921 629 1979 quia
645 1919 744 1966 ferrum·

65 2003 113 2036 non
126 1985 225 2038 (labatur,
236 1985 339 2032 ardentes
347 2001 386 2032 ore
394 1987 500 2032 carbones
511 1985 597 2031 haurire
609 1999 655 2029 non
666 1985 730 2038 dubi-

65 2053 127 2106 ώῑὶ,
143 2050 243 2098 muliebri
259 2051 337 2112 spiritu
350 2050 436 2098 virilem
450 2050 519 2112 patris
533 2049 617 2096 exitum
634 2049 726 2095 imitata.

66 2117 114 2166 Sed
124 2115 200 2163 nocio
213 2130 242 2162 an
252 2116 295 2163 hoc
305 2115 392 2169 lortius,
408 2116 469 2177 quod
481 2115 519 2162 ille
530 2115 617 2167 usitato,
629 2120 655 2160 tu
669 2127 729 2160 novo

64 2195 151 2246 genae
160 2181 240 2228 mortis
249 2181 349 2229 ebsumtt
359 2195 391 2228 es.

340 2285 454 2332 Eatema.

99 2371 150 2438 (1.)
169 2371 228 2420 Sunt
242 2381 263 2420 et
279 2373 397 2437 alienigeni
414 2387 502 2420 atnorer
514 2373 578 2436 justi,
595 2372 729 2420 obscuritate

65 2437 202 2503 igmnntiae
212 2452 256 2485 non
267 2439 355 2496 obruti3
366 2455 379 2486 e
389 2440 468 2500 quibus
476 2453 558 2501 paucos
567 2439 667 2500 attigisse
675 2438 729 2484 satis

65 2505 117 2552 erit.
143 2503 226 2551 Gentis
244 2501 318 2551 Cariae
336 2505 415 2566 regina
434 2505 555 2552 Artemisia
573 2501 645 2551 inum
663 2519 728 2550 suum

67 2568 200 2618 Mausolum
221 2568 265 2616 fato
286 2570 412 2616 absumtum
434 2578 570 2633 quantopere
592 2567 727 2622 desiderarit,

66 2635 119 2682 leve
129 2641 172 2688 est,
183 2640 235 2695 post
241 2635 415 2696 conquisitorum
427 2637 500 2682 onmis
510 2635 599 2698 generis
610 2636 727 2686 honorum,

67 2698 242 2760 monimmtique
260 2715 331 2760 usque
349 2700 377 2748 sd
396 2711 480 2765 septem
497 2701 603 2750 uinculo
620 2698 727 2762 provecti.
748 2732 751 2742 ·
