1820 2982
196 187 243 235 178
296 185 375 236 vul,
389 184 526 237 MAXIMI
543 184 642 236 Lsa'V.
662 187 758 239 Casti.
801 195 806 210 ⁹

194 331 254 363 mem
272 316 381 364 stare'iss
398 331 444 365 uon
461 325 516 373 erat,
533 317 613 365 leniter
627 317 668 364 sub
682 321 728 362 tam
743 315 857 364 mansueto

193 381 280 434 victore
291 381 396 427 cecidisti.

228 443 277 508 (5.)
296 445 328 499 Q.
341 461 395 492 vero
410 445 525 500 Metellus,
543 445 701 494 Celtibericum
714 442 856 507 in'Hispanii

193 525 275 572 gerens
284 509 374 562 bellum,
386 525 437 556 cum
449 513 526 558 urbem
538 510 694 560 Centobricam
706 510 822 563 obsideret,
833 515 854 555 et

188 575 236 637 jaan
248 573 338 620 admoti
347 574 456 628 machiud,
469 583 555 638 partem
566 576 632 629 muri,
643 590 695 634 quae
706 575 754 620 sola
764 573 854 621 consedi

191 645 285 700 potetat,
294 637 426 702 disiecturus
434 641 552 693 videretur,
561 640 855 701 humanitatcrn'propiuquae

191 703 293 750 victortae
309 705 420 765 praetulits
440 719 499 759 nam,
517 719 568 751 cum
584 703 725 766 Retbogeuis
739 703 804 758 filios,
820 703 853 763 qui

191 767 220 814 ad
237 781 289 814 eum
305 769 431 824 transierat,
451 768 637 818 Centobricensss
653 769 763 815 machinas
780 768 853 815 ictibus

192 832 331 894 objtscissent,
350 848 379 881 ne
392 835 455 896 pueri
470 834 493 880 in
508 841 628 895 conspectu
642 834 711 895 patris
723 833 807 880 crudeli
817 845 853 894 gs-

191 911 246 943 nere
259 898 338 945 mortis
352 906 543 952 consumerentur,
557 900 701 961 (quamquam
712 897 760 958 ipse
771 897 854 944 Retho-

190 967 262 1024 g'enes
279 964 374 1025 negabat
391 973 440 1010 esse
456 963 622 1024 impedimento,
640 977 686 1023 quo
702 961 779 1008 miuus
792 962 853 1008 aiam

190 1042 231 1088 per
247 1027 334 1074 exitum
348 1028 464 1090 sanguInis
478 1027 513 1074 sui
526 1027 715 1089 expugnationem
729 1023 853 1088 perageret)

190 1093 219 1138 ab
237 1091 352 1140 obsidione
370 1093 478 1140 discessit.
509 1091 563 1146 Quo
581 1091 670 1151 quidem
689 1097 735 1137 tam
755 1089 853 1138 clementi

189 1155 263 1211 iacto,
276 1158 318 1204 etsi
329 1172 376 1204 uon
385 1158 452 1225 unius
463 1157 558 1204 civitatis
568 1157 658 1209 moeuia,
670 1155 772 1201 omnium
783 1163 852 1202 tamea

191 1217 354 1269 Celtiberarum
365 1222 452 1269 urbium
463 1221 556 1274 animos,
568 1220 640 1280 oepit:
659 1219 777 1280 effecitque
787 1225 818 1273 ut,
829 1219 853 1265 ad

190 1286 323 1350 redigendas
333 1301 372 1334 eas
381 1286 405 1333 in
416 1287 521 1350 ditionem
529 1283 605 1348 populi
612 1284 776 1338 Romaniano
783 1285 854 1331 multis

190 1350 231 1396 sibi
243 1351 393 1397 obsidionibus
404 1366 460 1414 opus
470 1357 536 1398 esset.
891 1377 892 1382 ¹

226 1412 274 1476 (6.)
285 1414 385 1462 Africani
394 1431 483 1478 quoque
490 1414 617 1478 posterioris
625 1414 752 1461 humanitas
759 1413 853 1477 speciose
891 1395 892 1471 i

189 1481 278 1538 lateque
296 1480 374 1539 patuit.
400 1479 539 1542 Expugnatd
557 1481 616 1528 enim
634 1477 781 1541 Carthagine,
801 1479 854 1525 circa

191 1543 275 1590 Siciliae
283 1543 384 1588 civitates
391 1543 467 1590 literas
474 1545 542 1601 misit,
551 1553 577 1592 ut
585 1553 716 1591 ornamenta
723 1545 852 1606 templorum

191 1621 291 1659 suorum,
303 1621 317 1652 a
329 1605 407 1654 Poenis
417 1616 486 1669 rapta,
502 1625 542 1671 per
551 1611 812 1672 legatosreouperarcm,
823 1609 854 1654 in-

191 1683 235 1731 que
245 1670 344 1740 pristinis
355 1671 442 1718 sedibus
453 1676 579 1736 reponenda
589 1680 699 1722 curarent
718 1672 854 1720 Beneficium
890 1677 891 1725 i

190 1735 245 1784 Diis
255 1736 337 1796 pariter
347 1743 416 1797 atquo
424 1737 550 1786 hominibus
561 1744 684 1799 acceptum.

222 1798 272 1866 (7.)
290 1799 353 1848 Huic
368 1801 430 1848 iacto
445 1817 486 1864 par
502 1804 601 1865 eJ'usdem
614 1801 657 1848 viri
674 1802 809 1850 humanitas.
832 1801 851 1847 Α

188 1872 301 1926 quaestore
311 1881 360 1919 suo,
369 1867 440 1914 bastae
448 1867 558 1929 suiiectos
566 1867 666 1930 captivos
674 1866 794 1921 vendente,
802 1879 852 1928 puer

188 1930 278 1976 eximia
287 1928 367 1978 sonnae
375 1939 399 1978 et
408 1932 503 1978 liberalis
514 1933 600 1980 habitus
611 1931 692 1977 missus
700 1938 742 1977 est.
762 1930 803 1978 De
812 1945 852 1991 quo

85 2049 87 2060 Ι
189 2007 241 2040 cum
256 1993 401 2056 explorissst,
420 1995 543 2044 Numidam
557 2011 614 2049 esse,
631 1996 709 2042 orbum
727 1995 852 2042 relictum

186 2065 258 2120 patre,
281 2059 399 2106 educatum
420 2061 479 2122 apud
495 2062 632 2108 avunculum
654 2059 809 2114 Masinissam,
830 2073 853 2106 so

186 2123 306 2184 ignorante
320 2124 462 2172 immaturam
478 2125 585 2172 adversus
599 2125 717 2172 Romanos
729 2124 851 2186 ingressum

188 2187 305 2244 militiam
322 2195 345 2234 et
356 2189 424 2234 errori
434 2189 494 2236 iliius
504 2189 592 2236 veniam
604 2189 706 2241 dandam,
719 2195 742 2234 et
753 2189 851 2236 amicitis
888 2215 889 2220 =

188 2252 249 2312 regis
259 2251 358 2298 fidissimi
368 2253 451 2314 populo
462 2253 568 2299 Romano
578 2253 674 2300 debitam
688 2254 850 2300 venustatem

187 2315 333 2369 tribuendam,
345 2317 488 2364 existimarit.
508 2316 586 2378 Itaque
594 2331 687 2378 puerum
695 2317 789 2373 annulo,
800 2317 850 2364 fibu-

186 2377 253 2440 ldque
269 2379 342 2436 aurei,
355 2388 377 2428 et
388 2379 463 2428 tunicii
473 2381 589 2436 laticlavii,
603 2381 753 2442 Hispanoque
768 2382 848 2444 sagulo,
887 2391 888 2430 i

186 2451 210 2490 et
220 2453 299 2492 ornato
314 2446 503 2507 equodonaturn,
515 2445 572 2492 datis
583 2446 620 2508 qui
631 2460 682 2492 sum
693 2459 849 2508 prosequeren-

186 2515 224 2554 tur
233 2510 349 2571 equitibus,
361 2511 389 2557 ad
401 2509 544 2556 Masinissam
556 2508 647 2557 remisit.
667 2509 717 2557 Eos
727 2510 849 2572 igiturne·

186 2573 251 2620 toriae
265 2575 375 2622 maximos
389 2573 476 2620 fructus
491 2581 560 2629 ratus,
576 2575 630 2622 Diis
642 2575 778 2636 templorum
789 2587 849 2624 otu·

145 2670 148 2681 ,
185 2645 268 2695 menta,
280 2640 371 2704 regibus
380 2637 513 2702 sanguinari
524 2653 597 2696 musa,
609 2639 734 2690 mihim
