1842 2992
181 208 214 256 56
282 207 359 258 VAI.
374 207 511 258 MAXIMI
527 207 581 257 Lm.
594 207 629 256 Il.
648 207 708 258 Car.
720 211 744 256 8.
784 271 786 274 Ι

182 343 270 385 munes
284 353 364 386 manus
378 339 458 386 babere
468 339 580 392 deberent,
592 338 651 400 apud
661 338 704 386 ista
714 337 790 386 altaria
800 337 846 386 dis-

181 403 293 458 centibus,
326 401 522 464 continentiaeque
545 410 633 450 tantum
655 404 796 458 tribuebatur,
819 410 845 452 ut

182 467 304 514 multorum
315 483 347 514 aes
357 469 464 522 alienum,¹
474 469 525 529 quia
539 468 663 530 provincias
678 469 763 515 sincere
775 469 845 516 admi-

181 531 337 585 nistraverant,
349 548 363 578 a
374 540 452 579 senatu
462 534 599 594 persolutum
611 533 646 578 sit.
668 532 737 586 Nam,
750 549 845 594 quorum

182 592 249 656 operi
259 597 368 656 publicam
379 598 532 644 auctoritatem
544 597 683 658 splendorem
695 613 759 643 suurn
767 598 845 659 procul

181 659 303 707 obtinuisse
319 661 426 714 viderent,
445 677 522 708 eorum
537 662 668 723 dignitatem
684 661 744 708 domi
758 662 844 718 collabi,

181 723 306 786 indignum,
319 727 403 786 sibique
413 725 512 773 deforme
523 741 571 772 esse
582 727 748 773 arbitrabantur.

214 787 264 851 (9.)
276 789 394 851 Equestris
404 807 458 837 vero
467 791 549 837 ordinis
556 792 664 852 juventus
673 790 775 836 omnibus
783 789 847 836 aunis

179 853 214 898 bis
227 853 312 900 Urbem
324 856 449 916 spectaculo
460 856 495 900 sui
506 856 547 901 sub
557 855 645 916 magnis
655 855 781 901 auctoribus
789 855 847 901 cele·

180 918 263 972 brebat,
285 916 333 981 [die
349 919 513 981 Lupercalium,
534 927 558 966 et
573 919 682 979 Equitum
699 917 847 982 probatione}

181 979 339 1046 Lupercalium
351 986 410 1031 enirn
419 1000 468 1030 mos
477 1000 491 1030 a
502 983 601 1030 Romulo
612 991 635 1030 et
645 983 720 1030 Remo
731 984 848 1030 inchoatus

180 1055 215 1094 est
226 1055 286 1103 tunc,
299 1065 358 1103 curn,
370 1048 449 1096 laetitit
458 1049 602 1102 exsultantes,
615 1049 675 1108 quod
686 1049 719 1094 his
730 1063 785 1094 evus
796 1047 848 1094 Nu·

180 1113 256 1168 miter,
276 1129 316 1161 rex
332 1116 478 1168 Albanorum,
498 1129 525 1160 eo
543 1114 600 1166 loco,
619 1113 656 1158 ubi
672 1113 758 1158 educati
774 1119 845 1166 erant,

181 1179 258 1224 urbem
270 1180 365 1226 condere
374 1181 505 1242 permiserat
518 1179 558 1224 sub
573 1184 649 1222 monte
664 1175 766 1223 Palatino
782 1174 846 1240 [hor-

180 1249 229 1288 tatu
241 1242 342 1290 Faustuli
353 1243 478 1290 educatoris
489 1242 542 1307 sui]‚
559 1257 624 1302 quern
640 1240 747 1288 Euander
762 1238 845 1303 [Argi-

180 1305 235 1370 vus]
247 1315 429 1364 consecraverim
445 1307 506 1353 facto
518 1306 631 1360 sacrificio,
646 1307 755 1365 caesisque
765 1307 845 1367 capris,

180 1371 295 1430 epularum
306 1371 423 1424 hilaritate,
439 1387 465 1417 ac
480 1372 532 1417 vino
547 1371 642 1432 largiore
656 1371 762 1431 provecti,
775 1369 847 1417 divim
904 1405 905 1428 ,

178 1435 284 1496 pastorali
302 1433 372 1489 tnrbd,
391 1435 458 1481 cincti
474 1435 566 1496 pellibus
582 1435 745 1481 immolatarum
761 1435 846 1482 hostin-

180 1513 237 1551 rnm,
246 1500 349 1561 jocantes
360 1500 437 1545 obvios
447 1501 583 1561 petiverunt:
600 1501 663 1561 cujus
674 1500 789 1546 hilaritatis
798 1515 846 1547 me-

181 1563 252 1609 moria
266 1578 341 1609 annuo
356 1564 448 1610 circuitu
465 1564 568 1610 feriarum
585 1564 697 1625 repetitur.
723 1563 847 1612 Trabeatos

180 1643 235 1676 vern
250 1627 336 1688 equites
350 1628 421 1674 idibus
435 1627 502 1676 Juliis
518 1628 550 1682 Q.
558 1628 640 1675 Fabius
655 1629 767 1676 transvehi
782 1629 846 1675 insti·

181 1693 231 1738 tuit.
247 1690 322 1745 Idem,
335 1707 413 1738 censor
421 1709 472 1739 cum
485 1693 512 1739 P.
522 1693 603 1746 Decio,
617 1693 730 1739 seditionis
741 1692 846 1740 finiendae
903 1697 904 1713 ¹

180 1753 259 1819 gratid,
275 1771 341 1817 quam
357 1758 446 1804 comitia
460 1759 483 1804 in
499 1758 615 1803 humillimi
630 1759 737 1819 cujusque
747 1765 847 1818 potesta-

180 1829 226 1867 tem
243 1821 332 1868 redacta
348 1823 500 1874 accenderant,
522 1837 611 1868 omnem
628 1820 740 1868 sorensem
758 1824 846 1868 turbam

180 1885 203 1932 in
215 1894 309 1947 quatuor
320 1887 473 1934 tautummodo
485 1887 553 1932 tribus
567 1887 688 1947 descripsit,
705 1901 786 1947 easque
799 1887 847 1932 Ur·
902 1929 903 1949 ,

180 1952 248 1998 barras
259 1952 383 2013 appellarit.
410 1951 463 2005 Quo
478 1960 524 1997 tarn
541 1951 620 1996 salubri
634 1951 701 2004 lacto,
717 1952 752 1998 vir
764 1951 847 2011 alioqui

178 2016 262 2064 bellicis
281 2016 382 2080 operibus
400 2016 519 2069 excellens,
540 2015 657 2062 Maximus
674 2016 847 2077 cognominatus

90 2143 95 2148 .
181 2089 223 2130 eat·

267 2272 327 2322 Car.
339 2271 465 2322 III.-De
477 2272 622 2319 Milites-ibus
633 2270 758 2318 [restitutis.

183 2397 204 2440 l.
229 2391 309 2455 Capite
330 2395 392 2441 censi
415 2395 497 2443 milites
530 2395 552 2439 2.
569 2391 676 2437 Militaris
687 2388 825 2436 exercitatio.

275 2459 348 2519 primi.
530 2463 553 2504 8.
569 2455 671 2503 Velitum
681 2455 766 2518 primns
777 2467 840 2500 usus

213 2590 335 2638 Laudanda
353 2592 419 2638 etiam
435 2593 511 2656 populi
526 2592 661 2639 verecundia
677 2599 719 2645 est,
739 2589 785 2651 qui,
803 2589 848 2634 im-

180 2656 244 2718 pigre
255 2672 279 2703 se
289 2657 399 2704 laboribus
409 2665 432 2704 et
441 2657 544 2719 periculis
554 2657 640 2704 militiae
651 2655 771 2708 offerendo,
781 2653 849 2700 dabat

180 2735 276 2785 operam,
296 2736 325 2771 ne
339 2723 507 2786 imperatoribus
522 2722 594 2785 capite
609 2736 690 2771 censos
705 2724 848 2770 scemmento
