1820 2982
166 146 215 195 158
272 139 350 190 vah
364 136 502 192 MAXIM!
518 135 572 188 Lm
586 137 632 189 IV·
646 138 707 192 cn.
717 141 742 190 ὅ.
757 147 758 150 ’

168 289 228 328 nem,
246 279 269 318 et
284 271 378 318 scribam
393 268 519 318 Cicereium
534 269 558 315 iu
574 266 686 332 campum
696 270 829 330 deduxerum

170 347 239 398 utque
260 336 326 382 nimis
347 335 465 396 impotens,
489 347 592 381 sermone
613 335 676 396 vulgi
697 338 830 398 carpebatur,

170 403 230 463 quod
238 401 293 446 tanti
304 400 346 445 viri
358 400 490 460 sanguinem
499 398 667 460 clientelamque
675 401 781 448 comitiali
789 417 832 448 cer-

170 467 254 512 tamine
272 463 409 510 consuderat.
436 461 551 510 Caeterum
568 463 652 510 crimen
669 465 717 526 ejus
733 467 757 510 in
775 481 832 512 suam

170 531 258 576 laudem
275 527 389 574 Cicereius
403 529 522 574 convertit.
548 527 617 582 Nam,
633 535 658 574 ut
668 529 725 575 vidit
736 533 833 577 omnibus

172 611 196 640 se
207 593 312 640 centuriis
325 592 422 652 Scipioni
434 591 545 646 anteferri,
559 593 642 654 templo
654 593 783 653 descendit;
799 597 833 642 ab·
885 619 886 622 ¹

167 657 273 722 jectique
283 655 376 703 candidii
386 655 447 718 toga,
460 657 612 718 competitoris
623 659 656 704 sui
668 657 833 720 suffragatorem
885 707 886 710 ,

172 739 239 785 agere
256 722 339 784 coepit;
356 728 381 766 ut
399 722 483 768 scilicet
501 729 621 783 praeturam
640 723 719 770 melius
736 724 834 771 Africani

172 787 287 834 memoriae
298 787 437 840 concederet,
450 801 517 846 quam
529 787 569 834 sibi
577 787 706 834 vindicaret.
733 787 785 835 Nec
794 790 833 834 mi·

173 854 258 898 nimum
269 851 564 913 estverecundiaepratium.
584 852 658 913 Scipio
667 853 833 900 tuuchonorern
885 895 886 898 ,

172 919 265 978 adeptus
276 923 323 962 est:
339 914 441 963 Cicereio
451 923 527 962 tarnem
537 917 609 977 magis
620 917 727 978 gratulati
737 925 798 964 sunt

205 981 254 1044 (4.)
266 981 310 1035 Ac,
323 981 461 1042 neprotinus
469 980 565 1026 comitiis
573 983 684 1034 abeamus,
696 983 833 1030 consulatum

172 1055 251 1109 petens
263 1040 292 1092 L'.
305 1043 408 1098 Crassus,
424 1059 475 1091 curn
487 1045 587 1092 omnium
598 1045 764 1092 candidatorum
776 1062 836 1094 more
885 1091 886 1114 ,

173 1111 340 1158 circumfusum
351 1109 445 1172 supplex
454 1111 537 1171 populo
545 1111 578 1156 ire
586 1117 711 1172 cogeretur,
724 1125 835 1171 nunquam

172 1177 251 1224 adduci
259 1176 339 1237 potuit,
349 1181 375 1220 ut
382 1173 411 1228 id,
421 1181 533 1236 praesente
541 1173 574 1228 Q,
584 1173 693 1230 Scaevoli,
705 1176 836 1236 gravissimo

173 1249 196 1288 et
204 1241 366 1302 sapientissimo
377 1239 434 1292 siro,
447 1253 526 1284 socero
535 1253 583 1292 suo,
595 1239 685 1286 iaceret
712 1237 791 1299 Itaque
800 1257 837 1286 ro-

173 1307 241 1368 gabat
255 1319 313 1358 eum,
330 1310 355 1352 ut
370 1319 384 1350 a
399 1319 429 1355 se,
447 1303 500 1348 dum
514 1302 597 1364 ineptae
611 1304 643 1349 rei
654 1304 780 1358 deserriret,
793 1305 838 1351 dis-

173 1371 262 1416 cederet
268 1385 276 1426 3
295 1369 403 1429 majorem
413 1367 570 1414 verecundiam
581 1369 696 1429 dignitatis
706 1383 759 1432 ejus,
771 1384 837 1430 quam
885 1391 886 1408 i

173 1434 273 1481 candidae
284 1439 346 1492 togae
358 1446 405 1477 susa
416 1439 541 1493 respectum
552 1447 629 1494 agens.
885 1489 886 1492 Ἰ

207 1495 257 1560 (5.)
275 1496 398 1556 Pompeius
418 1503 493 1542 autem
516 1496 624 1558 Magnus,
645 1495 772 1544 Pharsalici
793 1499 839 1545 acie

174 1562 273 1610 victusa
284 1559 383 1612 Caesare,
396 1575 448 1605 cum
458 1567 548 1622 postero
560 1562 596 1607 die
610 1561 724 1608 Larissam
738 1563 837 1618 intraret,

174 1627 292 1688 oppidique
305 1624 365 1670 illius
380 1625 498 1671 universus
511 1626 607 1688 populus
621 1627 708 1673 obviam
720 1628 739 1673 ei
749 1643 840 1688 proces·
885 1671 886 1678 ,

175 1693 254 1748 sisset3
273 1696 289 1720 ‘⁴
300 1687 362 1742 Ite,”
379 1689 459 1750 inquit,
478 1697 495 1722 ‘⁴
506 1698 529 1736 et
544 1691 604 1738 istud
621 1691 718 1752 officium
735 1701 840 1752 praestate
885 1685 886 1696 ¹

174 1753 282 1804 victori.”
303 1754 419 1810 Dicerem,
431 1770 478 1801 non
488 1755 570 1818 dignus
581 1756 619 1818 qui
629 1755 759 1810 vinceretur,
773 1758 840 1804 nisis
885 1767 886 1770 ’

176 1819 269 1870 Caesare
286 1827 402 1882 superatus
416 1827 490 1867 esset:
509 1827 570 1867 certe
584 1821 699 1867 modestus
712 1822 736 1867 in
749 1821 839 1868 calami-

175 1895 236 1934 tater
256 1901 316 1939 uam,
334 1885 386 1946 quia
400 1885 509 1948 dignitate
524 1882 565 1932 sui
579 1887 612 1932 uti
622 1887 672 1948 jam
687 1901 732 1932 non
743 1893 838 1948 poterat,
885 1887 886 1934 l

175 1968 230 2000 usus
241 1957 276 1998 est
286 1949 427 1998 verecundii.
885 1953 886 1962 ¹

208 2015 257 2080 (6.)
268 2015 344 2070 Quam
352 2015 487 2076 praecipuam
494 2013 519 2060 in
528 2011 557 2063 C.
569 2031 658 2077 quoque
665 2013 838 2070 Caessrcluisse,

175 2089 199 2129 et
210 2095 364 2144 saepenumero
375 2081 483 2142 apparuit,
496 2086 519 2126 et
529 2080 621 2127 ultimus
635 2082 683 2143 ejus
694 2081 739 2127 dies
753 2079 839 2142 signifi-

175 2148 241 2193 cavit.
273 2145 431 2207 Compluribus
442 2145 501 2192 enim
515 2145 673 2206 parricidarum
683 2145 778 2192 violatus
793 2161 840 2192 mu-

114 2213 116 2218 '
175 2211 287 2263 cronibus,
299 2210 358 2256 inter
371 2210 446 2272 ipsum
460 2210 515 2256 illud
529 2217 625 2272 tempus,
638 2226 683 2272 quo
697 2210 785 2256 donus
798 2210 839 2272 spi-

176 2276 233 2320 ritua
242 2274 329 2320 mortali
337 2274 502 2322 discernebatur
509 2291 523 2322 a
531 2291 631 2338 corpore,
640 2291 669 2323 ne
677 2275 744 2322 tribus
751 2274 839 2334 quidem
885 2251 886 2334 l

176 2347 198 2385 et
209 2339 291 2398 viginti
301 2339 436 2393 vulneribus,
453 2341 507 2400 quin
521 2341 663 2388 verecundiae
678 2342 837 2400 obsequeretur,
885 2343 886 2384 l

176 2401 293 2449 absterreri
303 2403 389 2460 potuitr
410 2405 517 2464 siquidem
533 2405 626 2468 utrique
637 2413 713 2469 togam
725 2417 794 2450 manu
804 2403 839 2449 de·
885 2389 886 2458 l

176 2466 244 2518 misit,
263 2470 288 2508 ut
298 2464 390 2511 inferior
399 2483 452 2532 papa
463 2471 562 2532 corporis
572 2479 632 2518 tecta
643 2471 794 2519 collaberetur.
813 2465 838 2512 lu
885 2461 886 2508 l

176 2531 236 2573 hunc
254 2527 346 2572 modum
364 2544 410 2576 uon
426 2533 529 2582 homines
547 2537 669 2601 exspirant,
689 2535 727 2584 sod
741 2531 783 2582 Dii
800 2532 838 2579 im·

177 2591 282 2638 mortales
294 2591 358 2638 sedes
369 2609 421 2642 suas
433 2606 542 2660 repetunt.
