1842 2992
150 203 228 254 VAL.
238 203 374 254 ΜΔΧΙΜΙ
391 203 444 254 Lus.
456 204 492 254 11.
507 201 567 256 Car.
579 211 602 255 6.
673 207 706 254 65

36 351 119 398 pagus,
129 334 184 398 quid
192 334 284 396 quisque
292 334 462 382 Atheniensium
469 343 555 398 ageret,
565 342 603 384 aut
611 349 708 398 quonam

37 408 130 461 quaestu
151 407 318 454 sustentaretur,
338 400 507 461 diligentissime
522 402 632 462 inquirere
650 401 711 448 sole·

36 467 90 521 bat;
109 474 135 512 ut
146 465 249 511 homines
256 465 403 518 honestatem,
414 465 468 511 vitae
479 467 587 512 rationem
597 481 709 513 memores

38 531 176 578 reddendam
188 544 244 581 esse,
257 538 406 588 sequerentur.

72 592 124 658 (5.)
142 589 230 640 Eadem
244 594 315 638 bonos
331 594 390 638 cives
406 591 489 640 corond
502 594 619 641 decorandi
634 595 706 658 primo

38 658 226 705 consuetudinem
237 657 366 711 introduxit,
382 657 468 704 duobus
483 657 538 705 oleae
553 661 659 706 connexis
672 676 708 706 ra-

39 724 109 769 mulis
119 723 205 768 clarum
217 720 309 768 Periclis
320 722 430 783 cingendo
441 729 514 784 caput.
541 721 658 771 Probabile
672 725 709 770 in-

39 789 155 838 stitutum,
173 787 220 833 sive
233 801 279 832 rem
291 787 339 833 sive
348 801 466 848 personam
476 788 557 833 intueri
567 789 636 834 velis:
656 804 708 836 narn

39 859 64 899 et
80 853 172 898 virtutis
186 851 320 897 uberrimum
335 851 463 897 alimentum
478 857 513 898 est
526 853 613 910 honos;
629 860 652 899 et
663 853 714 900 Pes

41 917 109 963 ricles
125 916 215 977 dignus,
233 929 305 990 pquo
320 913 370 961 talis
387 916 485 963 muneris
502 916 568 962 daudi
591 918 710 978 posteritas

40 981 184 1044 potissimum
195 980 282 1025 inibum
293 986 388 1040 caperet.

47 1045 49 1047 ’
75 1042 124 1109 (6.)
143 1045 202 1106 Age,
220 1043 272 1104 quid
281 1043 336 1090 illud
345 1044 473 1090 institutum
484 1043 632 1098 Athenarum,
643 1059 712 1106 quant

41 1107 201 1156 memorabile!
220 1108 279 1168 quod
295 1109 411 1155 convictus
428 1123 441 1155 a
457 1115 552 1169 patrono
568 1109 660 1155 libertus
676 1111 713 1155 in-

40 1182 124 1238 gratus
133 1174 184 1235 jure
193 1173 299 1218 libertatis
310 1173 405 1218 exuitur.
434 1179 450 1202 “
460 1171 598 1233 Supersedeo
610 1171 653 1219 te‘’
666 1174 713 1237 (in-

40 1236 104 1300 quit)
118 1238 223 1283 “habere
233 1238 313 1289 civem,
328 1237 384 1283 tanti
399 1237 498 1283 muueris
510 1236 603 1298 impium
614 1237 712 1286 astura»

41 1313 125 1352 torem.
153 1300 205 1348 Nec
221 1301 298 1348 adduci
313 1317 411 1362 possum,
428 1307 454 1347 ut
466 1301 555 1355 credam
566 1301 614 1348 urbi
625 1302 711 1358 utilem,
726 1362 729 1366 ,

41 1383 112 1430 quem
121 1365 197 1413 domui
208 1366 326 1412 scelestum
338 1381 417 1412 cerno:
431 1367 465 1412 abi
476 1366 545 1430 igitur
551 1383 559 1424 ς
571 1373 594 1413 et
604 1373 653 1414 esto
664 1383 713 1415 ser-

40 1448 94 1484 vus,
107 1431 213 1492 quoniam
224 1431 278 1476 liber
288 1445 338 1476 esse
348 1427 466 1477 nescisti.'’

77 1493 128 1560 (7.)
141 1493 198 1540 lnde
206 1495 360 1541 Massilienses
368 1511 456 1556 quoque
463 1495 491 1542 ad
498 1497 542 1542 hoc
551 1501 638 1558 tempus
646 1513 712 1544 usur-

40 1569 98 1626 pant
109 1560 232 1622 disciplinae
245 1560 384 1622 gravitatem,
400 1560 467 1621 prisci
480 1561 549 1607 moris
564 1560 711 1618 observandi,

41 1626 138 1674 caritate
152 1624 228 1686 populi
239 1623 336 1670 Romani
351 1625 462 1685 praecipue
473 1626 599 1687 conspicui;
617 1627 655 1688 qui
666 1634 713 1674 tres

42 1693 66 1738 in
85 1689 166 1736 eodem
183 1689 368 1734 manumissiones
383 1689 477 1735 rescindi
491 1691 629 1750 permittunt,
645 1692 663 1737 si
678 1700 714 1738 ter

41 1758 69 1804 ab
86 1754 167 1802 eodem
183 1753 299 1815 deceptum
314 1753 428 1798 dominum
439 1755 593 1814 cognoverint.
624 1755 714 1809 Quarto

42 1820 116 1868 errori
128 1819 303 1864 subveniendum
314 1832 360 1863 non
370 1824 464 1878 putant3
481 1818 533 1876 quia
543 1816 583 1864 sui
589 1819 637 1879 jam
648 1817 714 1880 culpi

42 1884 150 1948 injuriam
158 1882 250 1944 accepit,
262 1881 328 1943 quiei
339 1897 363 1928 se
374 1882 441 1927 toties
451 1881 537 1942 objecit.
563 1880 649 1928 Eadem
659 1884 714 1932 civi·

43 1959 79 1998 tas
96 1946 222 1995 severitatis
235 1953 311 1992 custos
321 1946 428 1992 acerrima
441 1953 482 1998 est,
498 1944 584 1991 nullum
595 1945 680 1991 aditum
690 1947 715 1993 in

44 2027 139 2062 scenam
156 2011 231 2056 mimis
241 2011 321 2063 dando
335 2026 430 2070 quorum
445 2015 578 2072 argumenta
588 2009 672 2072 majore
686 2025 717 2058 ex
784 2039 789 2054 .

43 2087 111 2142 parte
126 2083 254 2136 stuprorum
269 2075 384 2121 continent
398 2082 475 2131 actus;
493 2073 588 2120 natalia
603 2074 717 2136 spectandi

43 2139 188 2192 cousuetudo
199 2140 265 2186 etiam
275 2139 376 2186 imitandi
385 2139 497 2186 licentiam
506 2145 586 2185 sumat.
605 2137 717 2188 Omnibus

44 2217 132 2260 autem,
150 2205 189 2265 qui
203 2220 244 2266 per
258 2204 353 2264 aliquam
369 2203 483 2266 religionis
498 2202 661 2249 simulationem
675 2205 717 2252 ali-

45 2277 126 2320 menta
135 2269 223 2316 inertia
233 2274 343 2330 quaerunt,
355 2269 441 2315 clausas
449 2275 524 2330 portas
534 2269 607 2321 habet,
620 2275 643 2314 et
652 2283 718 2316 men·

44 2337 125 2385 dacem
141 2341 165 2382 et
177 2333 278 2381 fucosam
289 2333 467 2396 superstitionem
478 2332 652 2380 submovendam
667 2349 718 2383 esse

45 2401 187 2450 existimaus.
218 2396 333 2446 Ceterum
344 2413 358 2444 a
368 2395 457 2445 conditi
468 2398 522 2444 urbe
536 2397 623 2460 gladius
634 2406 668 2446 est
678 2400 716 2456 ibi,

45 2483 91 2530 quo
104 2463 322 2527 noxiijugulautur3
334 2462 435 2524 rubigine
444 2463 533 2523 quidem
544 2467 632 2517 exesus,
644 2471 667 2511 et
678 2465 718 2511 vix

46 2531 164 2578 sufficiens
181 2528 311 2580 ministerio,
330 2527 370 2574 sed
386 2527 460 2578 iudex,
476 2527 500 2572 in
516 2527 614 2574 minimis
628 2543 718 2590 quoque

46 2598 122 2648 rebus,
139 2593 215 2641 omnia
230 2593 328 2654 antiquae
343 2591 509 2639 consuetudinis
522 2592 660 2642 monimenta
671 2608 719 2640 ser·

46 2662 128 2710 tanda

77 2726 145 2775 Duae
155 2721 225 2772 etiam
235 2729 288 2771 ante
297 2727 373 2787 portas
383 2735 461 2770 eorum
472 2735 531 2770 arcae
536 2721 627 2785 jacent:
641 2719 717 2771 altera,
