1842 2992
192 181 224 235 ΨΒ
292 183 375 234 Vrii·
389 183 526 234 MAXIMI
543 181 596 232 Lrs.
610 181 644 232 11.
664 183 725 236 Osr-
736 189 760 234 8.

188 329 323 378 magnorum
334 327 421 377 regum,
439 315 623 362 validissimarum
641 315 743 378 gentium
758 313 864 378 regimen

189 381 272 442 largita
282 385 330 436 ern
347 379 423 426 lauces
441 379 530 426 Pontici
546 381 608 427 ainds
620 380 738 442 patefecit3
757 379 862 442 Alpium,

191 444 305 504 Taurique
315 444 406 497 montis,
424 445 533 492 convulsa
548 446 644 492 claustra
659 445 755 498 tradidit,
773 447 864 490 ortum-
905 445 906 448 ’

191 524 235 570 que
246 525 259 555 e
269 507 362 569 parvuli
372 509 465 555 Romuli
476 507 528 556 casia
538 511 607 556 totius
621 517 730 556 terrarum
741 509 801 555 orbis
809 508 865 554 lecit

193 573 304 620 columen.
331 573 371 619 Ex
386 575 449 634 cujus
467 574 517 619 sinu
534 575 639 634 quoniam
657 589 735 620 omncs
754 574 865 634 triumphi

193 635 318 692 manirunt,
332 638 438 698 sequitur,
450 646 476 684 ut
483 638 511 684 de
521 639 672 701 triumphandi
678 640 731 700 jure
742 638 818 684 dicere
827 639 865 683 in-

194 717 217 748 cr
235 717 285 748 ram.
905 731 906 754 ,

220 719 275 830 ¹ll.)
285 766 322 814 Ob
332 766 390 814 levia
399 769 478 828 proelia
485 768 574 828 quidam
582 769 726 830 imperatores
737 767 866 830 triumphos
905 769 906 774 ’

195 831 236 878 sibi
247 831 335 877 decerni
346 832 510 878 desiderabant:
531 833 610 892 quibus
621 841 646 879 ut
657 839 818 886 occurreretur,
832 832 866 878 ie-
905 841 906 900 p

193 913 224 958 ge
232 903 322 942 cautum
333 905 374 950 est,
387 911 416 942 ne
427 897 476 956 quis
486 898 639 957 triumpharet,
659 897 702 942 nisi
717 898 866 957 quiquidque
905 907 906 918 ¹

195 961 264 1008 millis
274 961 372 1008 hostiurn
381 959 426 1006 und
437 962 484 1007 acie
492 962 621 1008 cecidisset:
635 975 681 1007 non
692 963 751 1008 enim
760 976 864 1015 numero,

195 1027 235 1074 aed
245 1024 324 1088 gloriai,
341 1025 503 1087 triumphorum
514 1026 623 1072 excelsius
637 1026 697 1072 urbis
708 1033 793 1072 nostrae
803 1025 867 1072 futu·

195 1107 245 1138 rum
260 1091 327 1138 decus
337 1091 433 1153 majores
444 1091 605 1136 existimabant.
632 1089 754 1146 Caeternm,
773 1105 804 1137 ne
818 1098 865 1137 tam

195 1157 302 1219 praeclara
312 1157 350 1203 lex
360 1156 480 1217 cupiditate
494 1156 576 1202 laureae
589 1155 748 1209 obliteraretur,
764 1155 822 1217 legis
833 1155 866 1201 al-

196 1222 266 1268 terins
277 1221 387 1283 adjutorio
397 1220 453 1266 fulta
464 1227 505 1274 est,
517 1235 584 1280 quam
597 1219 625 1265 L.
637 1219 725 1266 Marius
736 1227 760 1267 et
770 1220 808 1266 M.
820 1219 867 1268 Ca-

197 1293 229 1339 to,
242 1285 410 1346 tribuniplebis,
424 1285 530 1330 tulerunt.
550 1285 645 1331 Poenarn
656 1286 716 1332 enim
727 1285 867 1346 imperatori-

197 1353 239 1398 bus
250 1350 354 1402 minatur,
374 1349 412 1408 qui
430 1355 469 1395 aut
484 1350 582 1395 hostium
599 1350 723 1396 occisorum
739 1351 762 1394 in
776 1349 865 1411 proelio,

197 1421 237 1461 aut
247 1414 379 1459 amissorum
390 1413 480 1466 civium,
495 1413 577 1460 falsum
588 1429 705 1461 numerum
719 1415 790 1461 literis
802 1429 867 1461 sena-

197 1479 230 1524 tui
241 1478 289 1523 ausi
305 1483 380 1523 essent
391 1476 487 1524 referre:
503 1479 618 1541 jubetque,
637 1495 683 1534 eos,
703 1479 866 1540 cumprimum

199 1542 287 1589 Urbem
297 1538 425 1594 irruissent,
437 1543 496 1603 apud
506 1553 629 1604 quaestores
641 1547 736 1591 urbanos
743 1547 825 1607 jurare,
838 1544 867 1590 de
905 1583 906 1602 ,

198 1613 294 1666 utroque
304 1620 398 1651 numero
408 1622 463 1653 vere
473 1609 500 1654 ab
513 1609 547 1654 his
559 1610 645 1656 senatui
657 1625 706 1656 esse
717 1610 830 1670 scriptum.
905 1607 906 1658 i

232 1669 281 1734 (2.)
299 1669 356 1716 Post
366 1671 406 1718 has
415 1671 478 1734 leges
484 1673 562 1735 judicii
574 1675 633 1720 illius
641 1675 773 1736 tempestiva
782 1673 868 1720 mentio
905 1679 906 1688 ¹

200 1735 361 1788 introducetur,
377 1735 401 1781 in
412 1752 456 1798 quo
467 1739 553 1800 dejure
565 1739 714 1802 triumphandi
724 1740 783 1786 inter
793 1739 868 1784 claris-

199 1801 267 1848 simas
277 1815 384 1862 personas
400 1808 423 1847 et
438 1809 513 1848 actum
525 1811 548 1850 et
557 1808 684 1850 excussum·
692 1811 733 1851 est.
752 1802 785 1851 C?
796 1803 867 1849 Luta·
905 1825 906 1852 r

133 1894 137 1902 ·
197 1867 243 1913 tius
254 1866 340 1919 consul,
353 1872 376 1912 et
387 1865 419 1920 Q.
430 1867 534 1914 Valerius
543 1876 634 1929 praetor,
655 1869 714 1930 eirca
724 1867 821 1916 Siciliam
831 1868 867 1913 in-

198 1933 287 1995 signem
303 1930 428 1978 Poenorum
446 1933 539 1979 classem
557 1933 698 1992 deleverant3
716 1949 760 1996 qno
777 1933 868 1979 nomine

199 1995 294 2044 Lutatio
310 1995 396 2043 consul
413 1996 550 2058 triumphum
568 2007 658 2045 senatus
675 1999 780 2045 decrerit.
809 1995 867 2046 cum

197 2069 274 2109 autem
290 2061 395 2107 Valerius
411 2061 454 2107 sibi·
463 2077 514 2108 eum
525 2077 615 2123 quoque
629 2064 717 2112 decerni
728 2061 867 2115 desideraret,

115 2173 120 2183 ,
199 2127 293 2189 negavit
302 2126 326 2172 id
335 2125 383 2171 fieri
398 2133 502 2187 oportere
517 2125 629 2182 Lutatius,
647 2143 683 2182 ne,
699 2128 819 2174 inhonore
828 2127 868 2172 tri·

199 2193 284 2253 umphi,
303 2189 377 2236 minor
392 2189 585 2254 potestas'r‘najori
606 2200 738 2253 aequaretur.
767 2190 867 2238 Panna

201 2251 868 2319 eiusqueprogressicontentione‚ValeriussponsioneLu-
905 2281 906 2286 =

201 2321 280 2365 tatium
292 2321 435 2380 provocavit:
452 2321 509 2368 “Ni
520 2337 561 2368 suo
572 2322 641 2368 ductu
653 2322 740 2369 Punica
748 2321 823 2368 elassis
833 2335 868 2366 es-
905 2317 906 2350 ³

203 2392 237 2429 set
258 2383 390 2444 oppressa.”
418 2385 470 2432 Nec
489 2386 597 2433 dubitavit
614 2388 736 2449 restipulari
756 2385 866 2432 Lutatius.

203 2445 283 2505 ltaque
296 2447 368 2508 judex
385 2449 442 2496 inter
459 2465 498 2496 eos
513 2451 619 2498 convenit
637 2450 721 2498 Atilius
738 2449 866 2506 Calatinus;
905 2455 906 2500 ζ

203 2509 261 2570 apud
269 2525 335 2569 quem
341 2509 444 2560 Valerius
450 2516 474 2560 in
482 2517 542 2563 hunc
551 2515 642 2562 modum
651 2517 712 2578 egit;
725 2513 867 2563 “Consulem
905 2503 906 2556 l

203 2571 230 2619 ei
237 2572 315 2634 pugni
325 2575 348 2619 in
360 2576 438 2624 lecticis
449 2581 551 2628 claudum
559 2581 663 2642 Jacnisse,
677 2597 701 2627 se
712 2588 785 2627 autem
797 2581 867 2624 onmi-

202 2638 245 2683 bus
256 2637 402 2699 imperatoriis
412 2645 510 2704 partibus
519 2645 651 2692 iunctum.''
667 2645 734 2692 Tunc
746 2643 866 2697 Calatinus,

203 2703 331 2766 priusquam
342 2703 448 2757 Lutatius
458 2725 548 2760 cansam
557 2725 620 2759 suern
631 2711 753 2760 ordiretur:
774 2716 789 2740 ¹‘
799 2707 868 2764 Que-
