1870 2990
9 211 14 344 i

9 537 11 584 l

194 171 275 228 vsu
284 163 424 230 nsxnri
439 171 492 228 nu„
504 175 552 227 [Χ.
571 175 632 230 cn.
643 181 682 228 14.
726 181 775 229 ers

101 303 163 356 'tiore
176 307 277 357 doctrinis
291 307 378 372 prediti
394 307 495 356 subtilius
505 309 631 372 disputant:
650 321 772 369 eorumque

103 374 142 421 slii
152 373 176 420 in
187 371 213 421 ei
224 380 277 421 sunt
287 373 397 436 opinione,
409 381 435 422 ut
446 374 574 422 existiment
584 373 644 420 illum
656 373 737 436 origini
747 379 770 420 et

103 439 220 485 contextui
234 439 349 501 sanguinis
363 439 503 501 respondere.
528 437 580 486 Nec
594 452 687 500 parvum
703 452 772 498 argu·

102 509 206 549 mentum
225 517 254 549 ex
273 503 360 566 caeteris
381 503 511 552 animalibus
532 503 630 558 trahunt,
653 517 704 564 quae
723 499 771 548 sere

101 565 250 629 gignentibus
267 567 346 614 sianssin
362 572 491 614 nuscuntur.
518 567 566 615 Alii
584 569 669 630 negant
687 571 771 613 certam

9 679 10 684 ,
102 631 163 677 banc
173 645 223 680 esse
233 638 320 679 asturae
329 632 411 693 legem,
421 632 460 678 sed
468 633 553 694 species
561 632 694 685 mortalium,
704 635 771 693 prout

9 691 11 742 i
101 693 196 742 fortuite
207 711 255 742 sors
266 697 416 758 conceptionis
424 697 511 750 obtulit,
520 696 616 743 attribui.
634 696 712 756 Atque
720 695 770 742 ideo

101 759 234 822 plerumque
244 774 274 806 cx
284 761 389 822 speciosis
400 760 518 815 deformes,
530 767 553 807 et
561 773 591 806 ex
601 759 697 806 robustis
707 760 771 806 inra-

100 821 168 876 lidos,
186 831 263 885 partus
279 823 322 871 edi.
351 823 445 878 Verum,
462 824 566 886 quonism
580 823 624 870 ista
638 824 732 884 qnaestio
746 822 771 868 ia

9 883 10 890 ’
102 887 209 950 ambiguo
220 896 328 942 versatur,
340 903 410 950 pauca
417 890 475 936 inter
483 883 567 936 sileris
575 894 700 950 conspectae
709 887 770 961 simi7

101 951 203 998 litudinis
214 953 315 1013 exempla
325 952 453 999 referemus.

137 1011 187 1078 (1.)
203 1014 292 1076 Magno
307 1015 417 1078 Pompeio
432 1015 512 1062 rubrus
528 1016 633 1080 ingenuae
650 1015 730 1078 stirpis,
748 1021 772 1062 et

103 1077 219 1127 Publicius
228 1079 351 1133 bisontinus,
362 1081 394 1126 ita
402 1081 483 1126 similes
493 1079 590 1133 fuerunt,
603 1087 635 1133 ut,
646 1086 772 1142 permutato

103 1151 172 1197 statu,
185 1150 208 1189 et
219 1141 340 1204 Pompeius
350 1143 374 1188 in
384 1143 434 1197 illis,
450 1151 474 1190 et
485 1143 517 1189 illi
527 1144 550 1188 in
562 1143 671 1206 Pompeio
682 1141 772 1191 salutari

100 1206 203 1272 'possent
237 1204 306 1255 Certe
316 1221 458 1268 quocumque
468 1215 507 1253 aut
516 1207 597 1254 Vrbius
608 1214 647 1254 aut
657 1207 772 1255 Publicius

101 1277 249 1324 accesserant,
267 1285 307 1317 ora
322 1271 437 1316 hominum
453 1271 477 1316 in
494 1285 519 1318 se
535 1273 693 1330 obvertebant;
713 1287 771 1318 uno-

101 1341 193 1398 quoque
203 1333 298 1397 speciem
309 1334 438 1396 amplissimi
448 1334 504 1381 civis
514 1335 538 1381 in
545 1335 646 1397 personis
654 1336 772 1384 mediocri·

101 1393 145 1447 bus
162 1404 290 1447 annotante·
321 1396 389 1452 Quod
405 1399 495 1459 quidem
509 1398 627 1447 fortuitum
642 1400 768 1456 ludibrium,

102 1463 167 1528 quasi
178 1461 349 1518 baereditarium,
361 1463 390 1510 sd
400 1478 451 1509 eum
462 1465 593 1526 penetravit

10 1579 12 1598 ,
101 1591 106 1600 ,
136 1525 187 1604 (25)
202 1523 264 1576 Nam
273 1533 337 1590 pater
347 1541 435 1590 quoque
445 1529 493 1592 ejus
503 1543 530 1575 eo
542 1544 613 1591 usque
622 1527 769 1594 Menogenis,

101 1607 169 1655 coan
180 1592 222 1647 sui,
234 1591 312 1639 similis
322 1607 371 1639 esse
380 1591 442 1640 visus
453 1600 494 1648 est,
507 1600 533 1640 nt
540 1594 581 1648 vir,
593 1593 688 1643 etlerox
695 1595 770 1643 animo

101 1663 127 1705 et
136 1663 265 1720 praepotens
279 1655 352 1711 armis,
365 1657 478 1705 sordidum
488 1659 536 1718 ejus
547 1671 630 1707 nomen
640 1660 746 1724 repellere
756 1671 771 1706 a

100 1737 128 1771 se
138 1735 185 1768 non
196 1721 296 1768 valuerit.

136 1781 187 1849 (8.)
198 1783 297 1832 Eximiae
307 1799 362 1832 vero
372 1785 492 1834 nobilitatis
502 1785 638 1842 adolescens,
651 1783 771 1836 Cornelius

103 1849 188 1912 Scipio,
200 1865 252 1896 oum
260 1849 359 1912 plurimis
367 1857 391 1898 et
398 1850 523 1898 clarissimis
530 1849 620 1898 iamiliae
629 1865 676 1899 snse
684 1863 771 1914 cogno·-

102 1914 201 1963 minibns
218 1915 346 1969 abundaret,
367 1913 390 1962 in
409 1915 512 1962 servilem
531 1913 659 1978 Serapionis
674 1916 771 1978 appella-

103 1979 189 2028 tionem
208 1977 272 2041 vulgi
290 1993 393 2027 nemone
410 1980 520 2042 impactus
537 1985 579 2035 est,
599 1979 660 2041 quod
676 1981 772 2056 hujusce

102 2041 201 2091 nominis
216 2043 341 2090 victimario
356 2059 422 2106 quam
438 2044 516 2091 similis
531 2050 585 2090 erut
613 2041 665 2091 Nec
682 2043 714 2090 im
731 2049 771 2092 aut

101 2121 192 2155 monum
203 2107 307 2170 probitas,
319 2114 358 2154 sut
368 2116 482 2170 respectus
491 2114 527 2155 tot
534 2107 664 2176 imaginum,
673 2109 772 2170 quomi-

77 2175 82 2186 '
101 2185 147 2220 nus
157 2171 200 2218 hac
210 2170 345 2219 contumelii
353 2172 528 2236 adspergeretur,
540 2173 647 2236 opitulata
657 2180 717 2220 sunt.

102 2230 114 2246 ‘'
136 2231 186 2347 Ὦ.)
199 2235 403 2314 Generosissimum
413 2237 542 2314 consulatils
549 2237 669 2318 collegium
678 2234 771 2285 lentuli

101 2299 771 2432 {iimifflffguffssssdffmffiffiffi

101 2429 160 2477 alter
178 2443 208 2476 ex
224 2428 319 2490 quodam
337 2429 483 2477 secundarum
500 2445 627 2492 cognomen
645 2430 770 2495 Spintheris

102 2491 184 2540 traxits
200 2493 262 2548 alter,
275 2493 317 2540 nisi
325 2491 422 2556 Nepotis
432 2507 446 2540 a
455 2494 554 2542 moribus
561 2495 689 2558 accepisset,
700 2495 770 2544 Pam·

101 2555 158 2620 phili
176 2557 299 2614 tertiarum
319 2557 355 2608 oui
374 2557 499 2610 simillimus
519 2573 570 2606 esse
590 2558 707 2617 serebatur,
729 2560 744 2608 b

11 2649 20 2668 ι
101 2620 194 2670 buissct
736 2650 740 2656 ·

533 2689 575 2733 2n
