1820 2982
184 149 231 196 152
286 145 364 198 VAL.
375 142 744 198 unx1M1Lotv.0u.a

337 335 397 386 Car.
408 337 528 388 lvmue
539 339 689 399 Paupertate.

202 471 222 514 1.
238 467 266 514 P.
289 465 373 514 Valerii
396 465 500 530 Poplioo·
546 471 569 514 6.
585 465 621 514 Μ.
630 464 692 512 Atilii
701 465 784 527 Reguli
792 483 844 529 pro-

280 532 316 578 lae.
625 546 671 576 cos.

199 600 222 642 2.
239 595 349 658 Agrippa
357 595 468 642 Menenii.
546 598 567 643 7.
587 593 615 642 L.
626 594 713 648 Quintii
724 592 843 644 Cincinna-
895 593 896 600 ’

198 665 221 707 3.
240 659 267 708 C.
284 659 379 708 Fabricii
398 659 498 714 Luscini,
625 661 642 705 ti
653 660 705 707 dict.

279 732 302 772 et
314 724 345 779 Q.
356 724 443 772 AEmilii
456 724 500 772 Pa·
546 729 569 772 8.
587 723 655 772 AEnae
666 723 762 772 familiae.

105 838 110 848 ,
279 790 310 851 pi.
546 795 568 838 9.
589 789 622 844 Q·
636 789 691 835 AEtii
710 788 843 845 Tuberonis,

199 858 222 901 4.
239 851 333 901 Ducum
351 868 380 900 ex
396 853 456 914 agris
471 853 500 900 sd
625 853 844 902 etLAEmiliiPau-

277 919 421 981 magistratus
426 933 499 965 arces·
624 919 648 965 li.

278 985 379 1030 sitorum.
532 987 568 1030 10.
589 980 632 1031 Cn.
645 981 744 1030 Cornelii
759 982 844 1045 Scipio-

198 1050 221 1096 5.
239 1047 268 1099 C.
276 1049 340 1096 Atilii
351 1047 436 1111 Reguli
445 1047 498 1096 Ser·
625 1048 667 1094 nis.

278 1115 325 1162 rani
336 1129 383 1160 cos.
532 1116 568 1160 11.
584 1112 620 1162 M.
631 1111 719 1162 AEmilii
728 1111 813 1158 Scauri.

213 1239 317 1288 Maxima
338 1242 469 1284 ornamenta
486 1249 535 1282 esse
557 1236 664 1282 matronis
685 1235 771 1290 liberos,
790 1239 847 1300 apud

182 1301 332 1364 Pomponium
343 1302 430 1349 Rufum
448 1308 462 1330 ‘⁶
471 1298 640 1348 Collectorum’'
651 1301 706 1346 libro
718 1303 749 1347 sic
761 1303 848 1350 inveni-

181 1383 238 1414 mus.
263 1365 375 1420 Comelii,
395 1367 549 1413 Gracchorum
564 1373 642 1420 mater,
662 1381 713 1411 cum
732 1363 848 1428 Campana

177 1438 289 1484 matrona,
302 1432 360 1492 apud
370 1431 430 1476 illatn
445 1429 537 1492 hospita,
554 1437 684 1476 ornamenta
694 1445 734 1476 sua
743 1432 846 1492 pulcher-

180 1496 237 1542 rima
255 1495 314 1542 illius
331 1495 407 1540 saeculi
426 1495 560 1548 ostenderet,
580 1495 648 1540 traxit
668 1510 717 1541 eam
734 1511 844 1552 sermone,

179 1574 296 1620 quousque
310 1574 324 1604 e
340 1556 417 1605 seholt
435 1559 532 1606 redirent
548 1559 618 1613 liberi,
636 1566 666 1612 et,
684 1567 699 1589 ‘⁴
709 1559 799 1614 Haec,”
813 1561 847 1607 in·

180 1623 235 1683 quit,
255 1630 270 1652 “
278 1630 418 1682 ornamento,
426 1638 476 1670 mea
493 1622 568 1670 sunt''
592 1623 675 1672 Omnia
691 1623 798 1672 nimirum
809 1627 846 1680 ba,-

179 1688 225 1740 bot,
239 1687 277 1748 qui
288 1687 343 1738 nihil
354 1689 506 1749 concupiscit3
524 1705 552 1736 eo
569 1689 658 1749 quidem
673 1691 762 1744 certius,
780 1707 845 1752 quam

179 1753 217 1814 qui
230 1760 311 1800 cuncta
321 1753 426 1814 possidet,
438 1754 491 1814 quia
501 1753 622 1800 dominium
634 1769 707 1800 rernm
719 1755 800 1802 collabi
812 1771 846 1802 so·

178 1818 217 1872 let,
233 1819 299 1864 bonae
314 1818 396 1865 mentis
407 1819 520 1880 usurpatio
534 1818 620 1864 nullum
636 1819 739 1865 tristioris
749 1819 847 1866 fortuna

176 1883 257 1944 ¹recipit
267 1884 388 1930 incursum.
405 1881 486 1942 Itaque
496 1899 603 1944 quorsum
613 1883 698 1937 attinet,
708 1892 747 1930 aut
757 1885 846 1931 divitias

178 1948 203 2002 io
213 1946 285 2009 primii
294 1947 405 1996 felicitatis
415 1955 484 2009 parte,
505 1955 543 1998 aut
560 1955 711 2009 paupertatem
729 1949 752 1994 in
769 1950 848 1996 ultimo

178 2013 317 2064 miseriarum
329 2019 394 2066 statu,
410 2011 511 2074 ponere?
526 2027 577 2058 cum
589 2021 612 2059 et
622 2013 708 2059 illarum
719 2011 784 2060 frons
796 2015 849 2060 hila·

179 2078 210 2124 ris
221 2078 297 2127 multia
311 2079 371 2124 intus
387 2077 567 2124 amaritudinibus
584 2078 613 2123 ait
629 2077 725 2136 referta;
742 2086 765 2124 et
783 2079 849 2142 hujus

179 2143 289 2188 horridior
307 2143 424 2203 adspectus
442 2141 517 2188 solidis
537 2148 560 2187 et
579 2142 645 2188 certis
660 2143 725 2188 bonis
744 2143 848 2190 abundet

179 2205 249 2258 Quod
259 2206 338 2252 melius
348 2206 448 2267 personis
459 2221 525 2266 quam
535 2207 608 2253 verbis
619 2207 823 2268 repraesentabitur.

212 2267 259 2332 (1.)
276 2269 351 2331 Regio
366 2271 458 2332 imperio
473 2278 563 2333 propter
574 2272 664 2318 nimiam
681 2264 800 2334 Tarquinii
813 2288 848 2318 su·

178 2333 276 2391 perbiam
288 2333 357 2388 finito,
371 2336 500 2382 consulatds
510 2335 597 2382 initium
614 2335 718 2384 Valerius
733 2335 850 2398 Poplicola

178 2409 230 2440 eum
241 2394 258 2440 J
260 2397 312 2442 unio
323 2397 395 2444 Bruto
406 2401 532 2460 auspicatus
540 2408 582 2446 est.
598 2399 707 2462 Idemque
717 2410 797 2464 postea
805 2411 850 2448 tres

179 2457 308 2504 consulatus
327 2463 492 2523 acceptissimos
506 2465 588 2526 populo
607 2465 713 2512 Romano
730 2469 812 2530 gessit,
829 2473 851 2512 et

89 2547 92 2552 ·
104 2563 110 2572 ,
178 2519 325 2578 plurimorum
336 2539 361 2572 ac
372 2528 521 2575 maximorum
532 2545 624 2591 operum
635 2539 749 2592 praetextu
759 2532 850 2580 titulum

175 2581 302 2643 ¹imaginum
320 2602 409 2634 suarum
429 2593 586 2654 amplificavit;
604 2611 655 2642 cum
672 2595 763 2644 interim
780 2596 851 2642 fasto-

181 2660 230 2692 rum
250 2647 305 2698 illud
323 2651 427 2702 columen
445 2657 580 2717 patrimonio
599 2674 628 2708 ne
646 2659 674 2708 ad
693 2662 850 2723 exsequiarum
896 2672 901 2752 1
