1842 2992
170 163 201 209 48
277 151 354 200 vAL
369 148 506 200 MAXIMI
522 147 611 199 Lar.
630 147 690 200 (Σίν.
704 155 727 198 8.

171 287 209 328 tos
228 281 368 344 recipientes·
387 279 446 326 sitim
466 293 528 326 surm
548 279 624 328 sedere
640 279 772 328 instituerit:
796 284 837 328 sut

172 353 306 408 quopropter
326 341 440 398 Crotonae,
464 344 487 390 in
509 345 592 406 templo
610 343 708 393 Junonis
726 343 836 396 Laciniae,

172 426 233 458 srsm
248 409 276 456 sd
290 423 368 456 omnes
379 415 459 456 ventos
470 409 575 455 immobili
587 409 661 456 cinere
671 408 784 456 donaverit
794 424 837 470 po·

172 475 296 522 tissimum:
316 473 351 519 vel
368 487 436 533 quere
450 473 541 520 sltersm
557 473 580 518 in
592 472 732 526 Macedonii,
745 473 837 520 alterans

172 539 197 585 in
207 536 292 586 Caleno
299 553 362 599 egro,
372 552 450 598 aquarn
458 539 613 599 proprietatem
623 539 675 592 vini,
685 535 729 598 qud
736 538 838 584 homines

173 603 316 656 inebrientur,
328 601 440 664 possidere
448 603 550 648 voluerit.
570 601 624 648 Non
635 603 778 650 admiratione
785 602 835 655 ists.

174 666 214 714 sed
227 663 334 713 memorii
344 667 446 728 prosequi
460 667 579 723 debemus3
596 682 647 712 cum
659 668 760 719 sciemus,
777 674 840 714 recte

172 732 201 778 sb
214 729 242 778 ed
254 731 374 792 plurimum
389 731 485 778 licemiae
499 731 611 784 vindicari,
628 746 696 794 penes
709 746 775 792 quarn
787 729 841 777 infi-

175 795 235 842 nitus
246 801 326 841 cuncta
336 795 443 858 gignendi
453 796 515 842 lsbor
525 795 633 841 consistit.

206 857 271 924 (19.)
282 859 342 913 Quae
350 860 402 920 quis
410 875 475 922 supra
483 859 585 906 usitatam
594 860 702 906 rationem
710 859 841 908 excedentia

174 925 296 987 sttigimus,
313 925 420 986 serpentis
435 939 530 986 quoque,
546 939 560 970 a
573 923 602 972 T.
617 923 684 972 Livio
699 924 784 970 curiose
798 939 840 986 ps·

175 989 228 1036 riter
243 987 377 1036 sesecundo
391 988 466 1042 relata,
483 987 521 1040 list
536 988 627 1040 mentio,
655 987 679 1038 ls
693 989 752 1036 enim
763 989 800 1041 sit,
811 988 838 1036 in

174 1051 258 1108 Africi,
276 1053 333 1114 spud
348 1052 474 1115 Bagradam
488 1051 580 1107 flumen,
597 1061 665 1102 tsntae
679 1053 839 1116 magnitudinis

173 1133 270 1182 unguem
278 1117 352 1172 fuisse,
366 1126 391 1164 ut
402 1118 466 1164 Atilii
477 1117 560 1180 Reguli
572 1117 694 1164 exercitum
705 1133 746 1164 usu
761 1117 834 1166 amnis

173 1183 312 1246 prohiberet:
332 1183 451 1244 multisque
461 1182 565 1228 militibus
576 1182 661 1244 ingenti
672 1197 711 1229 ore
720 1183 834 1244 correptis,

174 1247 323 1310 compluribus
337 1247 414 1293 csudae
427 1247 576 1293 voluminibus
590 1245 655 1300 elisis,
674 1262 726 1292 cum
740 1247 836 1294 telorum

169 1313 233 1374 iectu
246 1310 352 1372 perforari
363 1311 471 1370 nequiret,
483 1311 511 1356 ed
521 1311 624 1356 ultimum
638 1311 771 1358 ballistarum
788 1318 837 1358 tor-

86 1413 90 1420 .
174 1375 255 1422 mentis
269 1375 366 1434 undique
376 1373 474 1436 petitum,
487 1375 572 1421 officum
583 1376 663 1422 crebris
673 1383 697 1422 et
706 1375 837 1438 ponderosis

174 1439 300 1485 verberibus
314 1438 463 1500 procubuisse,
480 1440 625 1501 omnibusque
638 1447 661 1486 et
676 1441 800 1487 cohortibus
810 1449 836 1488 et

173 1502 297 1564 legionibus
308 1499 356 1563 ipst
364 1501 500 1566 Cartbsgine
511 1504 580 1550 visem
591 1505 754 1552 terribiliorem:
768 1513 837 1567 etque

175 1567 240 1614 etism
256 1568 346 1630 (cruore
357 1583 397 1612 suo
408 1568 533 1630 gurgitibus
543 1569 638 1622 imbutis,
651 1570 791 1632 corporisque
797 1573 837 1634 Ja-
914 1589 915 1649 p

175 1631 245 1678 centis
253 1630 357 1693 pestifero
365 1631 440 1678 afflatu
449 1630 521 1679 vicini
529 1634 620 1694 regione
628 1632 721 1696 polluti)
731 1633 837 1686 Romans

174 1695 226 1742 inde
237 1696 374 1746 submovisse
384 1704 462 1744 costra.
492 1695 556 1743 Dicit
566 1699 640 1756 etiem,
652 1699 731 1748 belluae
740 1700 834 1758 corium.

177 1757 249 1812 CXX
259 1761 347 1825 pedum,
360 1763 383 1812 in
395 1760 480 1816 Urbem
491 1762 591 1816 missurn,
