1870 2990
179 133 230 180 ⁸68
278 127 745 182 vnntntxnsslaamcaas.

366 259 656 308 mmmmm.

211 347 261 414 (1.)
278 348 419 396 Detestanda
433 347 476 394 lori
490 347 600 395 conditio:
621 347 667 402 sed,
684 347 703 394 si
718 355 793 396 mstra
806 365 843 398 re-

178 413 265 476 spicias,
289 428 354 474 eque
371 427 455 474 magna
472 412 555 460 orietur
572 412 702 474 indignatio·
730 411 792 462 Cum
810 414 840 464 C.

178 473 262 530 Mario,
279 477 331 538 lege
350 475 455 538 Sulpicii,
474 475 589 538 provincia
606 477 669 530 Asin,
689 484 716 524 ut
734 478 841 526 adversus

177 540 333 588 Mithridatem
349 541 432 587 bellum
449 548 545 603 gereret,
562 541 650 602 privato
666 541 755 588 decreta
773 549 839 598 esset,

177 606 270 651 missum
281 605 308 652 ab
318 621 346 651 eo
359 605 486 652 Gratidium
496 607 596 668 legatum
606 605 635 651 ad
645 604 675 652 1.
689 607 775 652 Sullam
786 623 841 653 con-

176 669 248 716 sul·
258 669 435 730 accipiendarum
445 670 560 732 legionum
574 667 642 716 causi
651 670 734 716 milites
745 669 841 718 trucidrl·

176 739 243 789 runt;
255 733 399 795 proculdubio
410 733 526 796 indignati,
535 734 596 795 quod
614 747 727 780 nsumrno
738 735 838 797 imperio,

175 797 204 844 sd
216 812 268 843 eum
279 798 317 859 qui
329 799 391 846 nullo
405 799 429 844 in
443 799 528 844 honore
542 805 675 852 versaretur,
692 799 787 846 transire
801 816 840 846 co-

175 869 289 924 gerentur.
314 862 360 909 Sed
375 862 425 923 quis
438 861 496 910 ferat
509 863 603 910 militem
618 863 674 910 scita
686 862 756 926 plebis
771 865 841 913 exitio

173 927 244 988 legati
254 926 422 988 corrigentem?

208 988 257 1053 (2.)
275 989 321 1037 Pro
338 991 429 1037 consule
445 990 506 1038 istud
522 996 568 1036 tem
586 991 697 1038 violenter
711 991 840 1050 exercitus;

173 1053 228 1101 illud
239 1055 345 1101 adversus
356 1055 478 1107 consulent.
504 1053 606 1108 Qenim
616 1054 673 1102 Pom
702 1054 755 1108 'um,
769 1055 840 1104 Sullae

173 1119 291 1180 collegam,
310 1119 400 1166 senatis
410 1121 476 1182 jussu
491 1119 520 1165 ad
534 1120 656 1166 exercitum
726 1118 837 1182 Pompeii,

172 1199 240 1244 quem
248 1183 381 1244 aliquamdiu
391 1181 462 1230 inviti
472 1183 562 1230 civitate
572 1183 691 1237 obtinebat,
703 1183 840 1232 contendere

172 1263 258 1302 ausum,
276 1248 386 1295 ambitiosi
396 1248 458 1294 ducis
468 1247 577 1294 illecebris
587 1247 684 1309 corrupti
695 1248 784 1302 milites,
803 1263 841 1297 ss·

172 1311 271 1358 crificare
284 1312 426 1373 incipientem
441 1311 521 1366 adorti,
536 1311 561 1357 in
575 1312 666 1359 modum
681 1312 762 1359 bostiae
776 1328 840 1360 mac

172 1381 289 1422 taverunt:
308 1383 440 1437 tentumque
456 1375 529 1423 scelus
543 1376 610 1431 euris,
626 1376 706 1423 castris
719 1377 799 1425 oedere
813 1393 839 1426 se

171 1439 281 1492 confessa,
293 1439 388 1486 inultum
399 1441 482 1488 babuit.

192 1501 310 1566 fflcllle
329 1518 417 1565 quoque
432 1504 544 1551 exercitus
559 1502 643 1551 nelarie
657 1502 777 1559 violentus,
797 1503 836 1566 qui

160 1557 200 1618 Ὅ.
211 1568 345 1622 Carbonem,
357 1568 449 1614 fratrem
461 1565 571 1616 Carbonis
582 1575 616 1614 ter
626 1569 732 1622 consulis,
744 1578 835 1632 propter

169 1633 227 1680 bellu
243 1632 317 1678 civilia
335 1633 464 1680 dissolutum
484 1632 620 1694 disciplinam
639 1623 758 1680 militarem
776 1649 836 1695 prae·

168 1697 260 1744 fractius
268 1705 292 1743 et
300 1698 392 1760 rigidius
399 1697 539 1765 adstringere
546 1702 657 1750 conatum,
667 1697 764 1758 privavit
771 1697 831 1745 viti:

170 1763 283 1823 satiusque
301 1762 365 1809 duxit
383 1762 482 1809 maximo
501 1762 585 1809 scelere
602 1761 748 1823 coinquinari,
767 1777 834 1824 quam

168 1843 250 1895 pravos
260 1842 287 1874 ne
297 1833 367 1874 tetros
377 1843 452 1875 mores
462 1833 556 1873 mutare.

265 2137 270 2152 1
313 2081 531 2132 caa.vl11.-ne
546 2083 693 2130 Tenerttste.

168 2211 190 2254 1.
210 2207 347 2256 Enniani
358 2208 454 2270 majoris.
499 2204 541 2272 12.
560 2203 588 2255 C·
603 2204 701 2256 cesaris
708 2221 755 2254 nos·
767 2210 790 2254 2.

343 2278 366 2318 3.
384 2269 507 2322 Exercitds
518 2271 625 2318 Romani.

413 2362 582 2409 externorum.
818 2393 821 2402 .

164 2442 189 2484 1.
208 2437 349 2495 Hannibalis,
361 2439 436 2488 Poeni.
492 2438 538 2506 12.
557 2439 702 2488 Atheniensis
711 2439 797 2503 popuii.

195 2561 338 2612 Temeritatis
349 2567 416 2615 etiarn
425 2577 448 2615 et
459 2567 525 2616 subiti
535 2575 558 2616 et
568 2568 712 2617 vehementes
723 2573 778 2614 sunt
787 2566 830 2613 irn-
915 2601 916 2645 p

163 2625 254 2684 pulsum
270 2641 365 2686 quorum
380 2632 460 2682 ictibus
475 2633 591 2684 hominum
606 2639 693 2682 mentes
703 2645 828 2684 concurre,
903 2625 911 2644 ¹
