1842 2992
180 171 258 222 vol,
271 173 408 259 mixtur
424 177 478 227 Lm.
491 177 526 226 ΙΙ.
546 177 609 232 Cos.¹
620 183 643 227 2.
712 183 746 230 58

76 301 167 350 Punico
185 303 244 350 bello
259 303 383 361 indicendo,
404 309 464 368 quod
480 316 566 356 secreto
581 310 605 356 in
621 306 682 358 curii
698 317 746 358 erat

75 375 160 421 actum,
178 366 208 413 P.
219 366 310 424 Crasso,
327 387 366 418 rus
380 380 466 434 petens,
482 375 573 420 domurn
589 375 708 422 revertenti
720 377 744 421 in

74 433 156 479 itinere
167 433 272 486 narravit,
284 449 371 482 memor
381 452 432 482 euru
443 438 538 485 triennio
549 447 600 486 ante
608 447 743 500 quaestorem

73 497 168 550 sactum,
180 497 316 559 ignarusque
325 501 425 546 noudum
436 517 450 548 a
463 504 590 550 censoribus
604 505 627 549 in
642 505 743 550 ordinem

75 562 213 608 senatorium
227 563 345 610 allectum:
365 581 409 626 quo
424 582 469 612 uno
484 569 551 614 modo
566 569 632 614 etiam
647 567 688 622 bisi,
705 569 743 630 qui

69 629 119 689 jam
139 627 236 672 honores
256 637 379 687 gesserant,
403 631 475 677 aditus
496 633 519 678 in
539 633 621 679 cun'am
641 633 740 688 dabatur,

74 692 129 744 Sed,
141 691 244 751 quamvis
254 692 361 740 honestus
372 710 433 740 error
444 695 507 742 Fabii
521 703 586 751 esset,
599 698 743 744 vehementer

74 763 150 802 tamen
165 771 179 802 a
193 756 320 803 consulibus
334 760 462 820 objurgatus
477 768 517 806 est.
543 761 667 822 Nunquam
682 763 741 808 enim

73 820 255 874 taciturnitatem,
265 822 373 882 optimum
382 839 408 870 ac
416 825 550 871 tutissimum
560 827 742 874 administranda-

73 901 123 932 rum
146 899 220 930 rerum
238 885 360 940 vinculum,
382 887 507 935 labefactari
526 891 636 937 volebant
666 890 740 952 Ergo,

72 964 124 996 cum
137 948 200 995 Asiae
212 963 251 995 rex
261 949 383 1006 Eumenes,
393 955 556 1000 amantissimus
567 961 651 1001 nostrae
663 954 740 1009 Urbis,

70 1014 155 1060 bellum
166 1029 180 1059 a
190 1012 260 1060 Perse
270 1015 375 1062 adversus
385 1019 492 1079 populum
507 1017 636 1064 &manum
651 1034 742 1080 compa·

71 1079 115 1125 rari
126 1079 213 1124 senatui
224 1078 355 1134 nuntiisset,
367 1097 413 1128 non
424 1089 475 1128 ante
486 1083 537 1127 sciri
547 1083 627 1142 potuit,
639 1083 691 1142 quid
702 1090 741 1130 aut

70 1143 109 1190 ille
116 1143 206 1188 locutus
214 1151 280 1196 esset,
292 1152 331 1190 aut
341 1151 415 1206 patres
425 1145 597 1206 respondissent,
609 1161 675 1206 quam
687 1161 740 1208 cap-

70 1215 120 1254 tum
133 1205 218 1252 Persen
229 1209 345 1269 cognitum
356 1217 397 1256 est.
424 1209 505 1256 Fidum
517 1218 564 1257 erat
574 1218 597 1257 et
611 1211 680 1256 altum
695 1212 739 1257 rei·

69 1273 166 1334 publicae
176 1279 254 1332 pectus
265 1274 332 1327 curia,
345 1274 469 1336 silentiique
480 1275 606 1322 salubritate
617 1277 736 1330 munitum,

69 1345 94 1384 et
107 1336 215 1384 vallatum
230 1337 341 1398 undique;
361 1341 424 1401 cujus
438 1341 506 1386 limen
520 1340 635 1394 intrantes,
653 1339 739 1402 abjecti

69 1399 158 1464 privati
168 1401 267 1455 cantate,
278 1403 387 1463 publicam
398 1405 524 1451 induebant.
550 1403 630 1467 Itaque
644 1420 690 1452 uon
704 1406 738 1452 di-

68 1483 119 1514 cam
130 1481 208 1519 unum,
220 1465 260 1512 sed
270 1468 381 1514 neminem
393 1469 480 1516 audisse
494 1469 601 1525 crederes,
617 1471 676 1532 quod
689 1477 736 1518 tam

68 1532 192 1578 multorum
203 1530 291 1577 auribus
301 1531 374 1579 iuerat
384 1535 534 1580 commissum.

101 1593 152 1660 (2.)
170 1595 320 1656 Magistratus
330 1612 385 1643 vero
398 1599 464 1660 prisci
475 1607 610 1662 quantopere
621 1615 683 1648 suam
694 1615 736 1661 po-

65 1661 158 1724 pulique
171 1659 271 1706 Romani
284 1663 422 1724 majestatem
438 1664 559 1711 retinentes
575 1679 600 1711 se
615 1666 734 1726 gesserint,

66 1729 119 1774 binc
134 1725 242 1786 cognosci
256 1732 338 1786 potest,
354 1729 420 1788 quod,
439 1729 497 1774 inter
512 1736 594 1776 caetera
608 1729 736 1777 obtinendae

65 1789 184 1854 gravitatis
195 1790 281 1842 iudicis,
298 1791 352 1838 illud
367 1807 456 1852 quoque
469 1792 552 1854 magui
566 1809 617 1839 cum
632 1809 736 1855 perseve-

65 1855 138 1903 rantid
154 1853 314 1907 custodiebant,
332 1871 361 1902 ne
377 1857 466 1903 Graecis
480 1871 577 1916 unquam
594 1859 636 1903 nisi
653 1857 735 1903 Latine

65 1933 174 1982 responsa
184 1919 269 1965 darent.
286 1917 348 1972 Quin
359 1921 425 1967 etiam
436 1919 484 1982 ipsi
494 1921 578 1981 linguae
588 1921 732 1973 volubilitate,

64 1984 110 2047 quai
119 1984 242 2046 plurimum
253 1984 348 2038 valeant,
360 1985 460 2037 excussi,
472 2001 512 2047 per
522 1985 665 2046 interpretem
673 1985 735 2045 loqui

167 2055 191 2105 t;
209 2063 254 2094 non
269 2049 294 2094 in
308 2049 362 2096 urbe
376 2057 463 2096 tantum
479 2047 562 2102 nostri,
580 2049 618 2095 sed
633 2049 699 2095 etiam
710 2049 734 2094 in

64 2112 164 2166 Graecisi,
183 2119 206 2158 ct
221 2111 294 2171 Asii3
316 2129 360 2174 quo
377 2115 460 2161 scilicet
477 2113 566 2160 Latinae
581 2114 644 2161 vocis
661 2113 733 2159 honos

62 2196 104 2242 per
114 2191 195 2225 omnes
205 2185 285 2240 gentes
296 2179 440 2226 venerabilior
448 2179 613 2226 diffunderetur.
629 2177 681 2225 Nec
688 2177 733 2224 illis

61 2246 156 2292 deerant
166 2241 240 2288 studia
250 2243 371 2290 doctrinae:
391 2245 430 2290 sed
441 2243 501 2291 nullia
515 2259 561 2290 non
571 2244 595 2289 in
607 2259 631 2290 re
641 2243 731 2306 pallium

61 2317 125 2372 togae
145 2307 223 2370 subjici
244 2307 323 2355 debere
343 2309 518 2366 arbitrabantur;
543 2309 659 2371 indignum
682 2323 732 2355 esse

61 2374 224 2425 existimantes,
240 2373 348 2420 illecebris
363 2381 386 2419 et
400 2374 503 2420 suavitati
517 2373 629 2422 literarum
644 2373 732 2438 imperii

60 2439 151 2502 pondus
161 2447 185 2484 et
195 2438 349 2485 auctoritatem
360 2439 444 2484 donari.

94 2501 145 2566 (3.)
164 2501 307 2564 Quapropter
321 2517 367 2548 non
380 2519 404 2549 es
415 2503 552 2549 damnandus
562 2503 638 2550 rustici
650 2502 731 2564 rigoris

60 2569 162 2620 cnmine,
176 2565 205 2614 C·
216 2567 285 2620 Mari,
297 2568 335 2628 qui
345 2565 436 2629 geminii
445 2567 508 2614 lauro
516 2576 643 2615 coronatam
653 2581 731 2612 senec-

60 2642 133 2682 tutem
144 2640 215 2684 tuam,
231 2629 358 2678 Numidicis
370 2640 394 2679 et
405 2633 545 2679 Germanicia
559 2633 667 2679 illustrem
682 2637 730 2676 tro·

59 2699 122 2762 pub,
139 2696 214 2746 victor
228 2695 324 2746 &udae
338 2697 414 2762 motis
426 2694 529 2746 ficundti
543 2696 668 2759 politiorem
681 2691 731 2741 fleri
