1820 2982
173 159 222 204 ΠΟ
269 151 495 203 musinuli
512 151 565 202 ln.
576 150 625 200 111.
641 149 701 202 Cn.
711 156 735 199 4.

171 299 217 332 ιιοιι
226 284 306 338 solum,
318 294 369 342 que
380 281 467 328 occulte
476 280 574 335 inerunt,
585 281 650 336 texit,
662 280 701 328 sed
711 280 777 328 etism
784 286 836 326 tor-

170 356 247 401 menta
257 362 297 393 sun
307 345 367 392 ultus
378 352 427 402 est3
443 346 521 406 quibus
530 345 686 407 Hieronymus
696 345 748 394 dum
758 344 835 391 iuimi-

170 428 223 460 cum
235 411 313 472 cupide
322 411 411 464 laceret,
423 411 519 466 mileum
530 419 614 457 temere
624 411 725 472 perdidit

205 474 254 538 (6.)
266 474 335 536 Apud
345 473 415 520 Indos
427 491 480 521 vero
491 475 603 536 patientioe
614 475 726 527 meditatio
736 480 782 520 tun
793 473 835 520 ob-

171 541 252 588 stinate
263 539 362 600 usurpari
374 539 477 593 creditur,
490 547 516 585 ut
524 540 575 592 siut,
585 540 623 600 qui
635 555 701 586 omne
712 539 763 586 vitae
775 545 834 584 tem-
897 536 898 554 ¹

170 621 213 668 pus
223 604 277 650 uudi
287 605 385 666 exigunt,
395 604 462 650 modo
472 602 567 652 Caucasi
575 605 658 650 montis
665 603 750 666 glsciuli
758 603 836 664 rigore

170 685 264 732 corpora
275 684 315 715 ssu
325 669 436 722 durantes,
448 669 516 714 modo
526 669 622 715 flammis
633 669 681 716 sine
692 669 736 716 ullo
746 668 835 729 gemitu

171 735 305 796 objicientes.
328 735 406 794 Atque
420 733 478 780 haud
495 749 563 795 parve
580 733 615 780 his
631 734 703 795 glorie
719 739 834 780 contemtu
898 773 899 808 p

170 799 254 846 doloris
264 797 398 858 acquiritur3
416 797 537 858 titulusque
547 799 661 860 sapientire
672 799 742 844 datur.

204 861 253 926 (7.)
271 861 332 908 Heec
342 877 356 908 e
366 863 490 923 pectoribus
505 862 555 909 altis
570 871 593 908 et
605 863 696 916 eruditis
706 869 753 910 orta
763 866 831 908 suut:

170 927 225 974 illud
240 935 314 974 tumen
330 941 376 972 non
390 927 463 972 miuus
474 927 606 980 admirabile,
619 927 679 988 quod
690 925 774 974 seruilis
785 925 834 972 mi-

172 1007 223 1038 mus
234 992 299 1054 cepit.
329 992 413 1039 Servus
423 991 527 1038 bnrbsrus
539 989 710 1046 Hasdrubalem,
723 990 784 1051 quod
794 991 837 1038 do-

173 1056 258 1102 minum
276 1071 341 1102 suum
358 1055 482 1108 occidisset,
498 1055 596 1117 graviter
609 1055 691 1110 ferens,
707 1055 779 1102 subito
793 1071 836 1116 sg-

171 1136 269 1182 gmssus,
294 1120 413 1168 interemit.
448 1117 552 1180 Cumque
575 1121 747 1182 comprehensus
772 1119 835 1166 omni

172 1186 240 1232 modo
251 1187 392 1238 cruciaretur,
407 1184 508 1230 laetitiem
522 1192 604 1238 temen,
621 1200 688 1245 quem
699 1199 728 1232 ex
737 1181 837 1232 vindicte

171 1256 267 1311 ceperat,
285 1250 308 1296 in
328 1265 366 1296 ore
385 1248 563 1296 constantissime
581 1250 680 1296 retinuit.
706 1249 760 1296 Non
779 1263 836 1310 ergo
900 1299 901 1304 ,

171 1313 286 1360 fastidioso
301 1314 362 1359 editu
376 1313 447 1359 virtus
462 1313 564 1366 excitato,
581 1313 655 1360 vivide
669 1313 759 1376 iugenio
770 1314 800 1360 ed
810 1329 836 1362 se

171 1385 288 1440 penetrare
305 1377 402 1438 petitum
425 1391 498 1437 neque
515 1378 619 1424 haustum
638 1379 673 1424 sui
691 1393 742 1426 cum
760 1377 836 1439 eliquo

171 1455 316 1503 personarum
328 1441 454 1486 discrimine
464 1441 559 1504 largum,
571 1442 723 1504 malignumue
734 1444 834 1504 praebete

173 1505 212 1552 sed
222 1505 324 1550 omnibus
337 1505 450 1564 aequaliter
465 1507 572 1568 expositu,
589 1508 642 1568 quid
656 1507 780 1570 cupiditatis
795 1524 837 1569 po-
901 1565 902 1568 Ἰ

171 1569 217 1616 tius
234 1584 301 1630 quem
315 1569 368 1629 quid
384 1569 499 1630 dignitatis
515 1573 622 1626 attuleris,
641 1573 749 1620 aestimst:
767 1573 836 1634 inque

170 1640 238 1694 osptu
246 1633 355 1680 bonorum
363 1649 461 1688 suorum,
474 1636 512 1682 tibi
521 1637 562 1698 ipsi
570 1637 656 1698 pondus
664 1638 834 1684 examinandum

173 1697 284 1757 relinquit,
301 1705 333 1750 ut,
346 1705 453 1758 quantum
464 1701 538 1748 subire
548 1702 623 1748 arumo
637 1701 775 1756 sustinueris,
787 1709 837 1750 ten·

171 1769 221 1810 tum
231 1773 305 1810 tecum
316 1762 409 1810 auferas.

179 1955 239 2006 Cur.
254 1955 300 2004 1v.
305 1957 374 2006 -De
384 1958 471 2006 lumr'li
480 1958 530 2070 torp
540 1960 612 2015 notis,
628 1959 671 2022 qui
681 1960 742 2007 clari
751 1974 830 2008 evax·
842 2011 846 2016 ,

469 2038 516 2070 run
528 2053 536 2070 .

396 2126 470 2189 Apud
481 2129 609 2176 Ronmuor.

174 2217 195 2263 1.
213 2212 295 2262 Tullus
307 2213 420 2262 Hostilius
432 2231 479 2264 rex.
522 2221 546 2264 3.
566 2217 614 2264 Ser.
624 2215 713 2266 Tullius
724 2232 771 2266 rex.

172 2281 196 2326 2.
214 2277 244 2325 L·
254 2277 389 2340 Tarquinius
398 2279 490 2329 Priscus
521 2287 545 2328 4.
565 2279 593 2330 C.
604 2281 725 2330 Terentius
736 2283 820 2332 Verso.

182 2357 187 2366 ·
270 2357 317 2390 rex.
521 2349 544 2394 5.
563 2346 599 2393 M.
612 2346 732 2410 Perpenno.

371 2414 395 2456 6.
414 2409 451 2458 Μ.
463 2410 558 2458 Porcius
569 2409 636 2460 cuo.

414 2510 490 2572 Apud
500 2520 594 2560 eeteros.

174 2597 195 2642 1·
214 2591 318 2668 Socrnteo
343 2598 468 2650 Athenien·
520 2607 544 2650 23.
562 2602 682 2666 Euripides
708 2609 732 2650 et
749 2601 841 2653 Demo·

102 2675 106 2682 ·
269 2673 306 2708 ιιι.
616 2667 712 2716 sthenes·
