1820 2982
203 173 249 218 roa
298 169 375 219 usn
389 169 526 219 nixum
542 169 595 218 rm
610 169 655 218 ιν.-
675 170 768 221 oser.
891 149 892 240 t

200 300 337 411 ppprdposuit..
353 299 416 410 hNep
433 299 548 412 quidquam
560 299 680 412 glitivst'
698 301 761 412 Ἦ
768 315 797 347 sn
812 297 860 346 scri·
891 319 892 352 t

149 439 151 448 '
201 379 273 475 cased
288 371 471 490 ¹statuisopsrildnim
482 380 567 492 {dedit
581 371 861 492 sdldduddnsvcipioduffi

201 492 296 554 gratiam
306 507 352 540 non
363 493 466 541 rediisse-r
485 494 564 542 deinde
573 494 618 541 tale
628 495 742 541 decretum
751 493 858 541 recitarit:

201 563 219 592 ‘⁴
230 554 291 604 Cum
307 557 337 604 L.
351 555 470 606 Cornelius
486 559 567 621 Scipio,
585 559 621 606 die
636 559 741 620 triumphi
754 559 797 612 arri,
815 563 860 603 anta

200 635 291 668 currum
308 629 370 669 actos
386 623 482 669 bostium
493 624 561 670 duces
575 624 599 668 in
614 639 725 670 carcerem
739 623 858 686 conjecerit

126 680 130 694 ⁴
200 685 318 748 indignum
333 694 357 732 et
371 688 495 734 alienumve
509 691 625 751 majestate
636 689 711 750 popuii
722 687 821 734 Romani
830 686 859 731 vi-

201 750 248 796 deri
258 751 336 798 eodem
346 752 419 814 ipsum
431 752 494 800 duci:
512 753 588 814 itaque
598 753 621 798 id
635 767 680 798 non
695 769 720 799 se
730 751 778 799 fieri
789 766 859 814 passu

136 869 140 876 Ι
200 814 278 860 rum.”
302 815 409 863 Libenter
423 824 476 862 tunc
492 818 617 879 opinionem
633 831 695 864 suam
710 816 858 879 populusRo·

199 893 279 926 manus
290 895 304 927 a
315 881 418 928 Graccho
428 881 542 943 deceptam
553 882 667 944 cognovit,
679 882 859 928 moderationem·

199 959 243 1006 quo
253 947 301 1007 ejus
312 945 384 992 debiti
393 945 459 992 laude
468 955 599 1008 prosecutus
609 953 651 993 est.

233 1008 281 1073 (9.)
295 1008 323 1059 C·
336 1025 425 1071 quoque
437 1009 543 1058 Claudius
554 1010 618 1057 Nero
628 1010 686 1056 inter
696 1016 779 1056 caetera
788 1009 859 1072 pamel·

198 1089 250 1136 puae
260 1075 417 1122 moderationis
428 1076 529 1137 exempla
537 1075 685 1121 numerandus
692 1081 734 1119 cst.
754 1073 815 1121 Livii
823 1074 858 1120 Ss-

197 1139 299 1188 linatoris
313 1140 337 1185 in
352 1139 493 1186 Hasdrubale
507 1139 651 1201 opprimendo
663 1138 741 1200 gloriae
756 1140 858 1200 particeps

198 1204 284 1252 fuerat:
300 1211 397 1250 attamen
409 1219 459 1250 eum
471 1204 642 1266 triumphantem
652 1218 710 1263 equo
719 1204 788 1264 sequi,
798 1217 858 1264 quam

199 1269 319 1330 triumpho,
332 1281 397 1328 quern
409 1269 429 1314 ei
440 1275 530 1316 senatus
542 1283 605 1328 seque
619 1268 753 1320 decreierat,
771 1269 803 1314 uti
817 1283 859 1312 ma·

198 1334 254 1390 luit3
274 1334 326 1393 quia
341 1347 377 1378 res
392 1333 416 1379 in
430 1331 545 1394 provincii
560 1333 690 1380 Salinatoris
703 1340 770 1393 gesta
783 1332 857 1379 fuerat.

200 1399 254 1444 Sine
265 1411 331 1444 curru
341 1412 396 1458 ergo
407 1399 557 1459 triumphavit,
569 1413 597 1444 eo
607 1397 695 1457 quidem
704 1397 793 1452 clarius,
805 1395 859 1458 quod

197 1463 257 1508 illius
274 1461 368 1506 victoria
385 1463 539 1510 tantummodo
557 1461 692 1516 laudabatur,
712 1461 780 1523 huJus
798 1463 858 1508 etiarn

198 1525 329 1572 moderatio.

200 1615 204 1620 ·
232 1587 298 1653 (10.)
315 1588 355 1636 Ne
369 1589 490 1637 Africanus
506 1591 595 1651 quidem
611 1589 721 1652 posterior
735 1603 780 1636 nos
796 1590 825 1637 de
838 1603 859 1635 sa

198 1663 272 1701 tacere
287 1653 384 1715 patitur3
403 1656 449 1716 qui,
467 1669 553 1714 censor,
572 1669 623 1702 cum
639 1655 733 1702 lustrum
751 1656 857 1706 conderet,

197 1721 266 1779 inque
280 1719 346 1766 solito
361 1718 409 1766 fieri
426 1719 532 1766 sacrificio
547 1721 618 1767 scriba
633 1733 662 1766 ex
677 1719 772 1780 publicio
786 1719 859 1766 tabulis

198 1783 299 1831 sollenne
312 1784 333 1830 ei
347 1785 479 1846 precationis
493 1799 582 1832 cumen
596 1785 691 1846 praeiret,
708 1799 755 1844 quo
771 1783 812 1830 Dii
822 1784 858 1829 irn-

197 1849 311 1904 mortales,
322 1857 348 1895 ut
357 1850 433 1911 populi
443 1849 541 1896 Romani
549 1865 585 1896 res
593 1849 695 1895 meliores
703 1849 858 1910 amplioresque

196 1913 303 1968 lacerent,
323 1915 473 1976 rogabantur;
498 1921 513 1946 ‘¹
526 1913 610 1968 suis?
627 1913 706 1973 inquit,
728 1920 743 1942 ⁴⁴
754 1914 822 1960 bonas
836 1923 857 1958 to

197 1986 369 2041 magnaeanum
389 1978 464 2039 itaque
478 1993 563 2040 precor,
582 1985 607 2024 nt
624 1991 661 2024 eas
678 1984 787 2039 perpetuo
802 1978 858 2023 inco·

196 2045 269 2091 lomes
285 2041 398 2090 servent”
423 2043 460 2089 Ac
475 2044 576 2104 protinus
593 2043 616 2088 in
631 2041 725 2103 publicis
741 2040 857 2089 tabulisad

197 2110 258 2154 bunc
268 2108 359 2154 modum
371 2121 459 2154 carmen
470 2108 588 2154 emendare
593 2107 668 2169 jussit.
689 2103 745 2160 Qut
759 2114 856 2154 uotorum

197 2169 331 2220 verecundid
346 2171 449 2234 deinceps
463 2185 569 2218 censores
577 2171 600 2217 in
611 2170 732 2218 condendis
741 2171 818 2217 lustris
828 2168 855 2215 usi

198 2238 258 2282 sunt.
280 2235 406 2282 Prudenter
416 2237 476 2282 enirn
487 2237 563 2290 sensit,
575 2243 629 2282 tuno
639 2235 803 2282 incrementum
813 2235 856 2281 llo·

197 2313 266 2346 mano
275 2299 368 2360 irnperio
378 2301 498 2362 petendum
512 2300 588 2354 fuisse,
605 2315 655 2346 curn
671 2301 730 2346 intra
743 2299 855 2362 septimum

196 2363 292 2423 lapidem
306 2364 411 2426 triumphi
426 2367 592 2425 querebantur:
614 2365 721 2427 maJorem
737 2372 813 2410 autem
826 2370 856 2408 to·

198 2427 243 2472 nus
252 2433 360 2472 terrarum
371 2430 430 2474 orbis
439 2437 524 2490 partem
532 2429 660 2492 possidenti,
672 2435 697 2475 ut
705 2429 795 2475 avidum
803 2433 855 2474 essct

198 2488 316 2548 quidquam
327 2491 385 2536 ultra
395 2502 503 2554 appetere,
517 2494 548 2540 ita
559 2494 644 2542 abunde
653 2493 714 2548 felix,
729 2493 748 2538 si
760 2493 821 2546 nitu,
831 2503 855 2537 ex

148 2577 151 2591 ›
197 2567 226 2598 eo
237 2551 297 2610 quod
307 2553 424 2610 obtinebat,
437 2559 554 2605 amitteret.
573 2557 654 2620 Neque
664 2558 707 2605 alia
715 2561 766 2620 ejus
775 2559 855 2604 inccn-

198 2613 250 2660 auri
261 2614 382 2663 moderatio
392 2633 433 2680 pro
443 2623 545 2670 tribunali
559 2623 666 2685 apparuit.
692 2621 812 2670 Centurio
825 2635 854 2666 re·

197 2691 337 2740 cognoscens
354 2681 460 2741 equitum,
478 2699 595 2748 poscqmr
610 2686 639 2737 C,
653 2685 765 2734 Licinium
782 2685 854 2735 sm·
