1842 2992
187 172 236 221 rs
292 169 370 220 vnn.
384 168 522 220 naxnn
538 166 636 217 nnn.
653 164 750 218 omn·
810 130 812 134 ’

188 299 278 356 fortean,
295 306 406 348 amantem
417 299 451 345 mi
460 297 543 361 pariter
553 312 579 345 ae
589 297 682 360 patrioe3
698 295 811 358 quianon
822 302 862 344 tuo

185 367 259 429 jussu,
277 364 316 411 sed
327 362 368 411 sud
378 370 458 426 sponte
467 363 570 426 praesidio
581 376 721 424 progressus,
736 361 817 408 hostes
826 361 863 407 fu-

189 431 260 484 derat,
276 429 385 475 victorem
397 429 468 475 securi
476 428 536 474 feriri
546 427 650 490 jussisti;
667 434 697 479 et,
715 425 743 471 ad
755 425 800 472 hoc
811 441 863 488 per·

190 493 303 556 agendum
318 493 442 555 imperium,
459 501 559 554 paternae
579 491 642 539 vocis
656 491 780 536 ministerio
799 489 863 538 suffi÷

191 574 243 606 oere
256 558 352 604 ralouri.
377 557 439 604 Nam
454 559 531 604 oculos
542 568 601 610 tuos,
617 562 702 602 certum
718 555 772 608 scio,
785 555 864 602 claris-

191 620 248 670 simi
255 623 280 668 in
287 623 337 668 luce
344 623 441 669 tenebris
448 621 539 675 offusos,
549 622 630 684 ingens
637 620 705 667 animi
714 635 771 682 opus
779 618 864 665 intueri
907 631 908 640 ¹

192 687 327 748 nequivisse.
353 687 392 734 Tu
405 689 467 741 item,
480 687 555 734 Manli
568 685 692 746 Torquate,
704 683 789 730 Latino
802 684 863 730 bello

192 753 278 805 consul,
296 751 374 806 nuum,
391 752 458 812 quod,
475 757 610 814 prouocatus
628 765 642 796 a
661 749 769 796 Geminio
786 748 863 796 Matio

193 818 250 864 duce
257 816 446 870 Tusculanorum,
455 817 484 864 ad
491 815 640 862 dimicandum
648 821 672 860 te
679 814 759 875 ignaro
767 813 863 860 descen-

192 882 263 936 derat,
279 881 400 944 gloriosam
411 882 528 928 victoriam
539 888 563 928 et
573 879 673 942 specium
684 879 754 940 spolia
764 877 865 924 raderen-

193 954 247 1001 tem,
265 947 334 1009 abripi
350 963 363 994 a
378 947 464 1000 lictore,
481 953 504 992 et
522 946 546 991 in
564 945 656 991 modum
673 943 754 989 hostire
769 942 864 990 mactari
907 977 908 1006 3

188 1011 276 1076 jussisti
285 1029 293 1071 ς
310 1013 379 1059 satius
389 1027 439 1059 esse
445 1012 556 1074 judicans,
568 1017 654 1072 patrem
663 1007 717 1054 forti
727 1007 780 1061 filio,
793 1023 862 1069 quam
907 1011 908 1020 ¹

192 1078 287 1141 patriam
298 1077 387 1125 miliari
398 1073 519 1139 disciplini,
531 1089 613 1122 carere·

227 1140 277 1206 (7.)
294 1142 354 1206 Age,
372 1149 455 1204 quanto
466 1141 545 1203 spiritu
554 1145 659 1202 putamus
669 1153 735 1184 usum
746 1135 775 1184 1.
788 1136 865 1192 Quin-

194 1207 251 1254 tium
269 1205 427 1256 Cincinnatum
444 1207 575 1252 dictatorem
592 1219 619 1250 eo
635 1210 743 1264 tempore,
761 1202 863 1264 quode·

193 1271 259 1319 victis
270 1271 353 1332 AEquis
364 1279 388 1318 et
398 1272 525 1332 subjugum
536 1269 616 1322 missis,
627 1266 656 1314 L.
667 1267 795 1314 Minucium
807 1281 862 1313 con-

194 1336 291 1382 sulatum
300 1337 410 1398 deponere
418 1336 498 1396 edegit,
508 1334 568 1394 quod
576 1340 648 1380 castra
655 1333 703 1396 ejus
711 1331 777 1378 iidem
784 1332 863 1378 bostea

195 1400 340 1448 obsederant!
356 1399 478 1461 Indignum
486 1399 546 1445 enim
553 1399 652 1444 maximo
660 1397 753 1458 imperio
761 1396 861 1449 credidit,

196 1479 263 1525 quem
279 1479 325 1510 non
343 1479 384 1509 sua
400 1465 479 1518 virtus,
498 1464 537 1510 sed
554 1462 615 1512 fossa
633 1462 766 1522 vallumque,
786 1468 861 1508 tutum

195 1528 344 1590 praestiterat3
356 1529 436 1588 cuique
445 1529 586 1575 verecundiae
597 1543 643 1574 non
653 1527 732 1580 dierat,
742 1539 804 1573 arma
812 1525 863 1572 Ro-

196 1607 264 1640 muna
281 1600 344 1639 metu
362 1593 447 1654 trepida
464 1593 545 1639 clausis
562 1593 633 1654 portis
651 1591 767 1638 contineri·
797 1589 862 1652 Ergo

196 1657 370 1719 imperiosissimi
379 1657 495 1704 duodecim
505 1657 585 1711 fasces,
597 1671 666 1719 penes
673 1671 731 1717 quos
741 1655 863 1702 senatbset

165 1749 170 1759 .
196 1723 306 1783 equestris
321 1723 404 1770 ordinis
418 1731 442 1770 et
456 1723 567 1770 universae
581 1722 650 1784 piebis
665 1735 778 1768 summum
795 1719 862 1766 decus

197 1793 252 1841 crab
270 1803 410 1849 quorumque
420 1795 476 1835 nutu
488 1786 586 1841 Latium,
603 1802 629 1833 ac
640 1787 709 1832 totius
720 1784 793 1836 lana
803 1786 862 1832 vires

197 1854 339 1916 regebantur,
356 1854 444 1902 contusi
460 1862 527 1913 atque
541 1851 613 1905 fracti,
630 1850 752 1898 dictatoriae
771 1863 797 1895 se
814 1851 862 1896 ani-

197 1917 345 1966 madversioni
357 1920 532 1966 substraverunt.
559 1915 603 1970 Ac,
620 1930 649 1962 ne
660 1915 731 1962 inulta
740 1913 799 1960 foret
810 1914 864 1962 less
906 1967 907 1976 ἵ

196 1984 270 2046 gloria
280 1984 388 2039 militaris,
405 1983 491 2035 consul,
503 1981 577 2028 delicti
587 1981 661 2027 omnis
671 1979 761 2032 vindex,
772 1979 863 2040 punitus

192 2047 240 2097 'aab
260 2049 307 2096 His
318 2051 354 2113 (ut
365 2050 396 2095 ita
406 2044 489 2106 dicam)
500 2045 600 2107 piaculis,
612 2045 685 2097 Mars.
697 2043 783 2105 imperii
793 2045 863 2090 bosni
906 2079 907 2084 ,

196 2121 267 2178 pater,
277 2115 314 2161 ubi
324 2111 397 2176 aliqui
408 2128 436 2160 ex
446 2123 509 2174 parte
519 2127 533 2157 a
543 2111 587 2157 tuis
595 2110 697 2171 auspiciis
705 2109 863 2171 degeneratum

113 2235 118 2242 ἱ
197 2187 253 2234 erat,
271 2194 354 2226 numen
369 2187 433 2225 tuum
448 2175 618 2239 propitiabatur:
637 2174 736 2221 affinium
747 2179 771 2219 et
780 2188 865 2236 cogna-

198 2250 273 2291 torum
289 2253 313 2291 et
325 2244 419 2291 fratrum
431 2240 492 2296 noti,
509 2241 605 2288 filiorum
616 2246 699 2302 strage,
716 2235 864 2302 ignominiosi

197 2309 316 2363 consulum
326 2309 455 2371 ejuratione.
688 2304 690 2314 '

231 2370 283 2435 (8.)
294 2372 403 2434 Ejusdem
415 2371 498 2419 ordinis
508 2377 550 2425 est,
563 2369 622 2432 quod
633 2369 739 2430 sequitur.
763 2367 865 2430 Papirius

198 2437 300 2490 dictator,
312 2451 364 2482 cum
375 2438 480 2484 adversus
488 2435 604 2498 imperium
613 2435 661 2497 ejus
673 2434 705 2488 Q„
716 2433 798 2482 Fabius
807 2433 865 2480 Rui-

198 2500 279 2554 iianus,
291 2501 397 2562 magister
408 2502 514 2562 equitum,
527 2501 649 2548 exercitum
660 2500 684 2545 in
695 2499 765 2546 aciem
776 2499 866 2544 eduxis-
906 2513 907 2528 ³

200 2570 241 2618 sat,
259 2579 392 2625 quamquam
408 2566 464 2612 fusis
481 2566 617 2612 Samnitibus
632 2565 656 2610 in
672 2571 744 2611 castra
763 2563 863 2616 redierat,

200 2636 282 2683 tamen,
301 2645 372 2691 nequa
384 2631 466 2677 virtute
475 2632 523 2692 ejus
538 2645 611 2690 neque
625 2643 729 2676 successu
740 2642 812 2687 nequa
822 2642 864 2673 no·

198 2693 282 2743 bilitate
297 2702 379 2750 motus,
391 2696 466 2760 uirgas
481 2695 586 2758 expediri,
598 2709 698 2755 eumque,
704 2692 780 2754 uudupi
786 2692 862 2754 jussit.
