1828 2982
197 167 244 212 ars
304 163 382 214 urar,
394 163 531 213 rrrxrrrr
548 163 600 214 ιιι.
613 126 783 216 vacuus]

197 292 306 343 Comelio'
320 295 398 343 Asinae
413 295 498 342 consuli
508 293 701 358 fuerantinjeotae«
726 295 815 343 Hanno
825 310 862 342 arr-

196 367 250 412 tem,
266 361 348 414 oertior
362 360 460 411 Romani
477 361 545 407 animi
560 361 689 414 aestimator,
705 361 761 406 nihil
776 361 824 407 tale
837 361 862 406 ti-

196 425 302 470 mandum
320 431 388 479 ratus,
406 422 504 472 maximia
521 439 572 472 oum
589 423 669 471 fiduciri
683 425 711 472 sd
727 425 826 486 eolloqar
819 426 861 471 ἰιι

195 503 274 534 eorum
285 488 385 536 tetendit.
413 489 482 565 Apud
492 503 548 550 quos
559 501 611 536 oum
621 489 649 537 de
659 490 710 536 belli
720 441 826 537 lineoqm
770 495 861 566 ‘ageret

140 587 143 596 .
195 559 219 600 et
230 553 330 600 tribunam
340 553 466 600 militurn'
447 569 467 600 er
481 555 581 608 dixisset,
596 569 663 616 posse
673 554 706 600 illi
718 554 802 600 merito
813 569 862 600 ere·

195 616 243 663 nire
254 617 313 678 quod
323 615 565 665 Comelioaecidisset:
580 619 767 679 uterqueconsul‚
777 619 863 665 tribuno

195 683 285 728 tacere
274 689 368 744 Jusso
371 681 436 728 Isto
447 682 495 735 te,’'
507 683 605 742 inquit‘
608 690 690 737 metu,
702 683 798 736 Hanno,
810 683 862 730 lides

195 746 292 794 civitatis
306 746 508 794 ιιοιιιιθιιιιιιιι3’
527 747 606 795 Claros
620 747 671 794 illos
680 747 765 796 fecerat
776 755 860 794 tantum

195 811 294 858 hostium
305 811 384 858 duco·
399 811 483 858 vincire
497 812 610 874 potuisse3
628 812 667 859 sed
676 815 748 860 multo
760 813 862 859 clariores

194 874 255 929 lecit,
268 877 373 923 noluisse.

174 997 179 1004 Ι
229 938 279 1002 (3.)
297 941 412 988 Adversus
423 941 513 998 eosdem
523 943 600 988 hostes
613 956 688 1002 parem
698 941 766 988 iidem
777 941 802 987 in
811 943 860 1004 jure

194 1005 314 1066 legationis
330 1007 413 1053 tuendo
433 1005 513 1052 Patres
531 1006 650 1068 conscripti
668 1004 797 1053 exhrbuere.
823 1005 858 1051 lt.

195 1071 256 1116 enirn
275 1070 369 1117 AEmilio
385 1070 479 1132 Lepido,
501 1069 529 1119 (¹.
543 1070 654 1117 Flaminio
673 1071 809 1126 consulibus,
829 1069 857 1114 1.

195 1133 324 1182 Minucium
334 1143 362 1182 st
374 1134 401 1181 L·
416 1135 528 1182 Manlium
543 1133 761 1197 Carthaginiensium
774 1136 858 1198 legatis,

195 1199 247 1259 quia
257 1215 336 1246 manus
346 1201 381 1246 his
392 1200 518 1254 attulerant,
534 1215 574 1262 per
585 1199 674 1246 feciales
686 1198 795 1262 [Claudio
804 1215 858 1261 pre-

195 1263 256 1328 tore]
265 1265 377 1312 dedendos
388 1270 527 1311 curaverunt.
555 1263 586 1310 Se
594 1271 648 1312 tunc
656 1272 753 1322 serratus,
766 1279 812 1312 non
821 1277 859 1310 eos

194 1326 274 1388 quibus
284 1331 328 1376 hoe
337 1330 489 1391 praestabatur,
501 1329 609 1390 adspexit.
690 1353 692 1360 ·

228 1394 262 1456 (4.
267 1391 276 1452 )
295 1346 353 1455 Cujp
341 1409 366 1440 us
381 1395 507 1458 exemplum
522 1394 622 1455 superior
632 1391 753 1440 Africanus
764 1399 857 1446 secutus,

193 1471 246 1502 cunr
261 1465 365 1504 onustam
379 1454 456 1504 multis
471 1465 495 1520 et
507 1458 628 1504 illustribus
639 1456 857 1520 Carthaginiensium

193 1519 247 1566 siris
256 1535 336 1568 navem
344 1523 367 1566 ιιι
377 1537 439 1569 suurn
446 1516 580 1584 potestatem
592 1523 721 1600 redegisset,
733 1523 857 1570 inviolatam

194 1585 285 1639 dimisit,
297 1585 348 1646 quia
359 1601 383 1632 se
393 1588 488 1648 legatos
492 1587 529 1634 ad'
530 1601 582 1634 eurn
593 1587 674 1633 missos
682 1587 791 1642 dicebant,
803 1595 857 1634 tanr-

193 1649 236 1696 etsi
252 1649 394 1697 manifestum
404 1659 459 1705 erat,
476 1652 536 1706 illos,
545 1652 758 1714 sitandipraesentis
767 1651 855 1714 periculi

193 1713 273 1792 gratiis,
288 1714 369 1762 falsum
379 1715 497 1778 legationis
508 1731 591 1762 nornen
605 1731 640 1763 arn
641 1716 714 1779 plecti,
727 1724 753 1762 ut
763 1716 857 1764 Romani

192 1781 332 1843 imperatoris
345 1781 421 1844 potius
431 1780 524 1844 decepta
534 1780 596 1836 fides,
612 1795 679 1842 quam
689 1780 772 1828 frustm
781 1781 857 1846 implo-

192 1853 241 1894 rata
246 1847 416 1908 Judrcartrtur

226 1913 260 1974 (5
264 1909 273 1971 )
283 1912 480 1974 Repraesentemus
487 1911 554 1959 etiarn
563 1911 618 1958 illud
625 1874 715 1959 seuatlls
723 1912 786 1959 nullo
794 1911 856 1959 moda

192 1977 407 2053 praetennittendum
418 1993 481 2038 opus·
511 1976 620 2040 Legatos,
635 1977 663 2024 ab
676 1978 731 2024 urbe
742 1974 856 2040 Apollonii

193 2041 292 2088 Romam
307 2042 394 2096 missos,
412 2041 445 2095 Q.
456 2040 538 2088 Fabius
553 2049 577 2088 et
588 2040 633 2090 Cn
647 2041 763 2104 Apronius
776 2043 855 2094 aedrles,

192 2104 242 2153 orti
256 2107 407 2160 contentione,
424 2106 576 2167 pulsaverunt
607 2105 728 2160 Quod'ubi
745 2108 855 2170 comperit,

191 2173 299 2218 continuo
310 2185 350 2217 eos
360 2185 400 2232 per
409 2169 498 2216 feciales
512 2171 592 2233 legatis
607 2171 697 2226 dedidit,
714 2177 857 2232 quaestorem·

192 2251 237 2297 que
251 2249 303 2282 oum
314 2236 349 2282 lris
362 2234 508 2282 Brundisium
523 2236 651 2298 ire=jussit3
668 2251 697 2282 ne
712 2237 813 2298 quamirr
824 2236 856 2282 iri-

191 2315 246 2346 nere
256 2315 270 2346 ι
280 2301 382 2362 cognatis
393 2300 518 2346 deditorum
529 2301 631 2363 injuriam
642 2301 775 2362 acciperent.
794 2299 855 2347 Illam

190 2365 274 2410 curiam
289 2364 417 2410 mortalium
431 2364 480 2424 quis
495 2365 620 2418 concilium,
633 2379 660 2412 ac
671 2380 717 2412 non
728 2364 792 2412 Fidei
803 2373 856 2412 tem·

155 2433 161 2443 ‘
189 2426 259 2486 plum,
276 2427 374 2472 dixerit?
388 2443 457 2502 quam
468 2435 494 2474 ut
504 2429 583 2476 civitas
593 2435 671 2477 nostra
681 2445 772 2496 seraper
782 2429 856 2491 benig·

189 2502 241 2533 rrrrrn
258 2491 370 2548 praestitit,
387 2491 418 2538 its
433 2491 457 2538 in
475 2494 587 2542 sociorum
604 2509 694 2556 quoque
711 2495 790 2543 animis
806 2508 854 2542 cou-

188 2557 284 2598 stantem
296 2556 435 2616 recognovit.
