1820 2982
615 87 621 120 l

168 170 246 244 uin
259 169 397 220 ulrum
413 167 524 220 new.
539 168 634 222 cres.
686 172 756 222 rrr,

66 302 141 355 solvit.
156 309 180 348 et
192 303 299 364 protinus,
316 308 333 333 ‘⁸
342 299 517 366 Supervacuaess’
531 302 611 365 inquit,
631 307 684 350 “ne
700 300 734 349 di-

65 365 115 413 cim
126 368 217 430 incptae,
232 368 351 429 legationis¹
365 369 468 422 ministri,
484 375 573 416 nemete
587 367 732 420 Samnitibus,

65 431 103 478 Μ’
110 430 210 480 Curium
221 433 289 478 malle
297 433 444 494 locupletibus
454 435 569 495 imperare,
582 447 648 493 quam
659 432 733 493 ipsum

65 495 113 542 fleri
124 496 274 558 locupletem:
293 503 361 557 atque
370 497 437 551 istud,
450 506 476 544 ut
485 498 616 561 pretiosum,
630 497 663 544 lta
672 495 734 543 malo

65 561 184 607 bominum
206 561 366 622 excogitatum,
389 577 472 608 munus
493 562 614 618 refertote;
639 567 662 608 et
684 575 734 606 me·

64 631 175 708 meutotp,
193 639 232 672 me
245 639 288 672 nco
304 626 352 672 ocie
367 626 435 682 vinci,
453 641 495 674 uec
510 624 604 688 pecunii
621 624 734 686 corrumpi

64 703 173 808 podudem,
185 769 238 801 cum
253 752 319 800 Italii
334 753 447 816 Pyrrhum
458 771 535 818 regem
547 755 670 818 exegisset,
678 753 734 800 nibil

65 818 161 865 omnino
177 833 207 865 ex
224 817 300 880 praedi
315 819 384 886 regii,
402 818 446 881 qud
462 821 586 868 exercitum
602 819 734 878 Urbemque

63 883 183 937 ditaverat,
199 884 282 946 attigit.
307 883 414 932 Decretis
429 886 496 932 etiam
513 891 619 931 asenstu
636 883 734 946 septenis

59 947 181 1010 jugeribus
189 949 238 1010 agri
246 948 336 1009 populo,
349 950 389 996 sibi
397 957 473 996 autem
480 947 650 1010 quinquaginta,
662 963 734 1008 popu·
783 971 786 990 ι

63 1013 118 1058 laris
129 1013 288 1074 assignationis
301 1013 392 1060 modum
407 1029 454 1059 non
468 1014 579 1069 excessit3
595 1027 673 1072 porum
686 1011 736 1056 ido·

64 1091 134 1123 neum
147 1077 273 1138 reipublice
284 1077 356 1124 civem
367 1078 504 1130 existimans,
517 1077 556 1136 qui
566 1091 601 1130 eo,
613 1075 674 1136 quod
684 1075 736 1121 reli-

64 1141 116 1203 quis
127 1141 268 1196 tribueretur,
281 1149 401 1189 contentus
412 1157 458 1188 non
469 1147 535 1187 esset.

96 1203 147 1269 (6.)
164 1203 228 1252 Idem
241 1206 311 1253 sensit
322 1205 437 1254 Fabricius
448 1205 567 1257 Luscinus,
580 1202 701 1250 bonoribus
711 1210 735 1251 et

62 1270 199 1317 auctoritate
209 1271 271 1317 omni
279 1271 369 1318 civitate
377 1271 512 1334 temporibus
522 1270 567 1316 suis
575 1269 652 1330 major,
665 1281 734 1314 censu

61 1351 104 1398 par
115 1334 237 1395 unicuique
250 1337 404 1400 ppuperrimo:
423 1336 469 1398 qui,
485 1350 499 1382 a
515 1333 650 1382 Samnitibus
666 1334 734 1397 (quos

63 1400 185 1446 orbatos
192 1399 216 1446 in
225 1399 327 1446 clienteld
334 1399 437 1462 babebat)
449 1400 526 1448 decem
535 1400 593 1454 aeria,
606 1406 629 1446 et
637 1397 734 1460 quinque

62 1463 140 1526 pondo
149 1465 245 1526 argenti,
257 1465 393 1526 totidemque
401 1481 478 1514 servos
487 1466 526 1512 sibi
536 1465 625 1518 missos,
636 1464 660 1510 in
669 1463 736 1510 Sam-

63 1530 128 1575 nium
141 1529 234 1582 remisit,
246 1529 391 1578 continentiae
406 1545 454 1578 suae
463 1530 570 1578 beneficio
582 1530 630 1577 sine
640 1525 735 1591 pecunid
766 1575 769 1586 ,

61 1593 184 1656 praediver,
203 1593 251 1639 sine
264 1609 306 1640 usu
321 1593 412 1642 familiae
428 1596 514 1644 abunde
528 1595 661 1652 comitatus;
682 1591 735 1654 quis

62 1657 201 1720 locupletem
217 1657 280 1704 illum
295 1657 395 1713 iaciebat,
412 1673 458 1706 non
472 1661 542 1708 multa
555 1659 676 1722 possidere,
694 1657 735 1704 sed

61 1722 154 1769 modica
164 1721 293 1768 desiderare.
312 1723 378 1785 Ergo
389 1724 468 1770 domus
479 1726 535 1786 ejus,
546 1722 733 1784 quemadmodum

63 1801 112 1833 aere
129 1793 154 1832 et
172 1794 266 1848 argento
284 1795 307 1834 et
325 1788 440 1849 mancipiis
460 1788 585 1834 Sunnitum
605 1801 682 1840 vacua,
702 1787 734 1833 ita

63 1849 146 1914 glorii,
157 1865 188 1896 ex
198 1851 233 1896 his
244 1853 363 1900 contemtis
373 1849 444 1912 parti,
459 1850 540 1896 referto
553 1850 603 1896 fuit.
629 1849 734 1897 Consen-

63 1925 132 1963 tanea
146 1915 266 1976 repudiatis
279 1917 343 1964 donis
357 1915 453 1962 Fabricii
467 1921 521 1961 vota
534 1915 683 1960 exstiterunt:
700 1913 735 1960 lc·

63 1987 134 2042 gatus
150 1980 210 2026 enim
226 1979 254 2026 ad
270 1980 384 2042 Pyrrhum
398 1979 519 2042 profectus,
538 1992 590 2023 cum
607 1978 665 2037 apud
682 1991 734 2023 eom

64 2043 163 2092 Cineam
179 2043 313 2090 Thessalum
328 2051 455 2090 narrantem
465 2040 574 2094 audisset,
592 2040 734 2100 “quemdam

65 2108 231 2155 Atheniens·
242 2109 326 2155 clarum
337 2106 444 2169 sapientii
455 2107 554 2159 suadere,
570 2119 600 2151 ne
612 2104 665 2164 quid
675 2104 735 2151 aliud

64 2172 171 2219 homines
181 2185 248 2232 quam
258 2173 378 2234 voluptatis
393 2169 460 2217 causi
473 2171 548 2217 facere
559 2167 675 2226 vellent;''
693 2183 735 2230 pro

64 2245 171 2284 monstro
181 2251 230 2283 eam
241 2251 319 2283 rocem
330 2236 429 2296 accepit;
446 2235 597 2295 continuoque
612 2233 701 2294 Pyrrho
712 2240 735 2280 et

64 2301 205 2350 Sannitibus
221 2301 287 2346 iatam
304 2301 434 2362 sapientiam
451 2300 582 2362 deprecatus
599 2306 641 2344 est.
668 2297 736 2345 Licet

63 2367 166 2414 Atbenae
179 2362 280 2410 doctrici
293 2363 334 2411 rui
349 2365 480 2428 glorientur,
496 2365 531 2412 vir
547 2371 622 2410 tamen
636 2362 734 2426 prudens

64 2430 163 2479 Fabricii
181 2429 358 2484 detestationu,
379 2444 446 2490 quum
466 2429 559 2491 Epicuri
575 2429 654 2477 maluit
674 2441 734 2490 prae-

62 2501 144 2557 ceptae
165 2492 226 2554 quod
241 2500 335 2540 eventus
350 2508 439 2555 quoque
454 2494 566 2541 indicavit.
594 2492 663 2547 Nam,
682 2505 734 2553 qute
833 2493 836 2500 '

63 2561 117 2606 urbs
127 2557 238 2620 voluptati
247 2558 367 2620 plurimum
380 2559 463 2611 tribuit,
478 2558 595 2622 imperium
609 2557 734 2604 maximum

62 2623 154 2680 amisitr
171 2636 222 2684 qure
236 2622 311 2670 lobore
324 2623 434 2669 delectata
447 2629 489 2677 est,
501 2622 624 2684 occupavit.
647 2619 681 2669 Et
694 2621 734 2666 rlla

60 2689 189 2740 libertatem
199 2687 257 2735 meri
265 2699 312 2736 uon
319 2686 404 2744 celuim
419 2687 469 2764 baec
479 2687 546 2735 etiam
557 2687 640 2735 donare
649 2684 730 2748 potuit,
