1842 2992
172 184 205 232 64
273 181 352 230 vu1.
365 179 503 230 MAXIMI
518 179 619 230 hall.
638 179 699 233 Car.
712 185 736 229 2

174 309 280 362 noluisti:
302 310 376 363 credo,
393 324 423 358 ne
436 309 560 373 alienigeni
573 311 658 374 ingenii
672 305 842 368 exercitatione,

174 375 239 435 patrii
258 374 314 420 ritits
333 389 411 422 servus
427 373 544 436 transfuga
560 377 685 424 exsisteres.
711 375 769 430 Quis
783 391 844 438 ergo

174 438 226 486 buic
237 439 399 492 consuetudini,
411 437 456 500 qni
469 454 529 486 nunc
541 440 630 487 Graecis
644 441 766 488 actionibus
775 455 845 488 sures
912 464 913 512 q

175 503 243 550 curiae
251 503 405 556 exsurdantur,
413 505 505 564 januam
513 503 631 565 patefecit?
646 513 671 552 ut
679 506 764 567 opinor,
774 505 845 552 Molo

177 567 258 619 rhetor,
270 567 308 628 qui
319 567 392 614 studia
402 567 438 614 M.
451 567 566 616 Ciceronis
577 569 643 616 acuit.
664 569 726 616 Eum
737 584 843 630 nanque,

176 639 229 678 ante
239 646 318 678 omnes
328 639 453 678 exterarum
464 633 572 694 gentium,
588 633 612 678 in
626 641 704 681 senatu
717 634 764 680 sine
773 634 846 680 intes·
912 643 913 702 J

177 695 240 758 prete
247 696 350 742 auditum
360 703 461 743 constat:
479 713 546 757 quem
556 699 664 744 bonorem
676 712 721 744 non
732 699 845 744 immerito

178 760 243 821 cepit,
263 762 368 822 quoniam
387 776 497 808 summam
516 763 562 808 vim
581 761 693 808 Romanae
709 762 846 823 eloquentie

178 824 300 886 adjuverat.
326 823 461 887 Conspicuae
474 825 586 872 felicitatis
600 823 725 889 [Arpinum
738 827 845 884 uuicumg

179 887 771 1002 isiditttmlttffitttllm’
797 891 847 938 a,

213 1016 260 1080 (4.)
272 1017 375 1068 Maximi
385 1027 460 1066 autem
468 1017 583 1081 diligendi
590 1021 686 1082 mqjores
693 1021 752 1066 bunc
760 1035 847 1067 morem

181 1083 326 1138 retinuemnt,
343 1099 372 1131 ne
385 1085 436 1144 quis
450 1099 475 1131 se
489 1084 548 1130 inter
561 1085 676 1131 consulem
687 1091 710 1132 et
720 1085 847 1146 proximum

128 1158 130 1169 ⁴
180 1149 289 1203 lictorem,
311 1150 413 1210 quamvis
434 1149 502 1195 officii
520 1146 587 1196 cauad
605 1147 651 1196 und
667 1149 845 1215 progrederetur,

181 1213 344 1276 interponeret:
363 1212 409 1259 tilio
419 1213 534 1267 duntaxat,
546 1221 569 1260 et
580 1214 600 1260 ei
611 1229 687 1276 puero,
699 1221 751 1260 ante
761 1220 846 1275 patrem
912 1253 913 1256 ,

182 1279 304 1330 consulem,
316 1277 441 1323 ambulandi
447 1278 487 1337 jus
497 1285 553 1324 erat.
573 1277 620 1332 Qui
631 1293 680 1325 mos
688 1278 742 1325 adeo
750 1278 847 1340 pertina-

154 1343 157 1349 '
182 1343 237 1388 citer
253 1348 351 1387 retentus
366 1349 407 1392 est,
424 1349 450 1386 ut
462 1340 493 1394 Q,
505 1340 587 1389 Fabius
602 1343 718 1390 Maximus
731 1343 848 1404 quinquies

183 1405 269 1457 consul,
281 1405 316 1450 vir
326 1404 392 1450 etiam
402 1405 487 1466 pridem
498 1421 592 1454 summae
603 1407 746 1461 auctoritatis,
761 1415 783 1454 et
793 1415 848 1455 tunc

184 1467 269 1516 ultimae
279 1468 406 1521 senectutis,
418 1467 488 1516 atilio
498 1473 590 1519 consule
598 1472 710 1526 invitatus,
723 1479 748 1519 ut
758 1473 816 1520 inter
824 1489 848 1526 ae

183 1539 206 1579 et
220 1532 321 1578 lictorem
335 1533 472 1594 procederet,
490 1549 518 1581 ne
532 1537 629 1583 hostium
645 1537 769 1584 Samnitum
785 1537 849 1585 turbd

183 1596 225 1707 qud
240 1611 335 1656 quormn
349 1597 484 1659 colloquium
499 1599 671 1662 descendebant)
688 1601 811 1657 elideretur,
827 1603 849 1649 id

194 1675 257 1708 acere
267 1661 370 1707 noluerit.
390 1661 461 1716 Idem,
473 1679 487 1710 a
497 1673 575 1712 senatu
585 1666 673 1728 legatus
680 1666 709 1713 ad
716 1665 785 1714 tilium
795 1681 851 1714 con-¹

185 1725 256 1772 aulem
274 1724 378 1773 Suessam
392 1727 481 1782 missus,
498 1737 616 1790 postquem
631 1731 785 1778 animadvertit
798 1747 850 1780 eum

185 1789 214 1837 ad
231 1789 328 1836 officium
348 1806 413 1838 suum
431 1800 495 1840 extra
510 1795 593 1840 moenia
610 1795 684 1856 oppidi
699 1797 847 1858 processum

185 1854 320 1916 indignatus,
336 1857 396 1916 quod
407 1871 436 1903 ex
449 1857 562 1904 lictoribus
574 1857 619 1904 XL
633 1874 699 1906 nemo
710 1875 735 1907 se
744 1875 801 1922 equo
812 1862 849 1910 de·

189 1921 294 1967 scendere
311 1921 422 1982 jussisset,
445 1923 524 1982 plenus
542 1923 582 1969 irae
601 1923 678 1971 cedere
695 1927 849 1990 perseveravit.

188 1983 257 2039 Quod
267 2000 319 2032 curn
329 1984 388 2032 filius
399 1987 512 2039 sensisset,
523 1987 625 2047 proximo
639 1988 712 2035 lictori
727 1996 751 2036 ut
762 1990 802 2037 sibi
812 2005 850 2054 ap-

186 2057 280 2112 pareret,
292 2049 416 2112 imperavit.
436 2048 509 2112 Cujus
516 2053 566 2097 voci
579 2051 660 2099 Fabius
671 2054 777 2100 continuo
788 2057 850 2104 obse·

187 2122 264 2162 cutus:
279 2121 295 2143 “
303 2113 358 2161 Non
366 2113 436 2176 ego,”
447 2115 526 2175 inquit,
541 2114 600 2168 “fili,
613 2132 724 2164 summurn
735 2119 850 2180 imperium

187 2186 251 2226 tuum
262 2179 386 2236 contemsi;
403 2179 443 2226 sed
453 2180 548 2241 experiri
562 2181 630 2234 volui,
646 2196 675 2228 an
690 2183 757 2230 sciren
772 2199 851 2232 consu

186 2243 231 2290 lem
243 2259 317 2306 agere.
344 2243 394 2292 Nec
404 2245 493 2306 ignoro,
509 2245 562 2306 quid
576 2247 654 2307 patriae
667 2247 803 2295 venerationi
814 2251 852 2298 ds·

187 2307 275 2417 beuqitum
292 2324 370 2356 verum
381 2309 468 2370 publica
478 2310 579 2357 instituta
587 2309 672 2372 privati
680 2312 761 2374 pietate
769 2314 853 2374 potiora
912 2369 913 2372 Ἴ

185 2385 196 2432 J
236 2369 289 2416 00.ῢὶ
912 2375 913 2392 l

222 2431 267 2496 (5.)
280 2433 366 2482 Relatis
378 2437 410 2491 Q,
422 2437 484 2485 Fabii
494 2439 601 2494 laudibus,
614 2438 710 2487 offerunt
721 2455 745 2488 ae
755 2441 853 2492 mirifice

189 2498 321 2545 constantiae
331 2501 386 2546 viri:
404 2503 449 2562 qui,
461 2503 530 2565 legati
541 2519 554 2550 e
562 2511 641 2552 senatu
651 2504 775 2552 Tarentum
783 2507 811 2553 ad
819 2524 853 2556 res

189 2561 318 2621 repetendas
333 2564 402 2616 missi,
421 2581 472 2612 cum
487 2569 630 2629 gravissimas
644 2570 673 2616 ibi
688 2569 778 2632 injurias
792 2585 854 2621 acea-

189 2624 280 2684 pissent,
291 2641 349 2682 unus
360 2630 426 2676 etiam
435 2629 498 2678 urinis
506 2647 619 2695 respersus
627 2641 692 2686 esset,
705 2633 727 2680 in
737 2635 853 2690 tbeatnram

189 2697 214 2736 ut
232 2697 267 2739 est
285 2694 423 2742 consuetudo
443 2696 548 2752 Gsaeeiae,
569 2697 696 2753 introducti,
713 2698 854 2762 legalium,
