1820 2982
160 145 389 198 VAL·MAX1MI
405 149 459 198 Ian.
469 147 516 198 tv.
533 149 596 201 cm
610 150 632 196 7.
684 153 731 199 169

54 277 100 324 litii
108 277 204 339 grsdurn
215 275 294 326 ultimi
303 276 584 334 cutmumtenevotmtit.
592 277 723 342 recipemm.

55 341 107 390 Ηε
118 357 173 389 sans
182 341 242 390 vires
252 344 369 392 amicitiae:
388 346 467 392 mortis
482 351 620 392 contemtum
631 343 726 406 ingene-

53 421 112 460 rare,
123 407 180 454 vitae
190 407 329 456 dulcedinem
339 410 490 472 exstinguere,
500 409 652 458 crudditatem
660 424 726 456 man·

52 470 181 524 suffecere,
193 472 268 519 odium
281 474 306 518 iu
317 489 418 520 amorem
434 481 571 528 convertere.
583 489 674 536 poenam
685 475 724 520 be-

51 535 137 583 neflcio
151 551 246 597 pensare
260 545 394 598 potuerunt:
413 541 492 599 quibus
506 555 572 601 paene
586 546 673 585 tantum
684 554 724 586 ve-

51 601 187 653 nerationis,
204 610 311 660 quantum
327 603 430 650 Deorum
447 605 605 650 immortalium
620 604 724 650 caerimo-

51 665 108 718 niis,
126 665 225 711 debetur.
251 665 298 711 Illis
318 668 377 722 enim
395 668 482 728 publica
501 669 566 722 salus,
584 669 619 714 his
637 668 725 729 privata

49 729 191 776 continetur.
217 730 301 790 Atque,
318 739 344 778 ut
357 733 444 778 illarum
459 732 519 778 aedes
534 747 596 778 sacra
606 733 723 786 domicilio,

49 796 86 840 ita
99 794 177 838 harum
189 793 231 841 lida
241 795 356 842 hominum
367 804 458 857 pectora
468 797 530 857 quasi
541 796 636 856 quodam
644 803 723 843 sancto

48 857 135 921 spiritu
146 857 226 904 referta
236 861 319 921 templa
329 868 389 906 sunt.
508 887 512 898 ·

85 920 138 985 (2.)
158 921 227 975 Quod
241 924 272 970 ita
286 941 342 978 esse,
358 941 399 972 rex
409 925 538 972 Alexander
549 926 625 972 sensit
655 925 722 974 Darii

46 987 141 1040 castris,
155 987 178 1032 in
189 987 267 1047 quibus
278 1005 356 1036 omnes
367 991 484 1036 necessarii
492 990 541 1051 ejus
549 998 619 1042 erent,
625 990 720 1050 potitus,

47 1051 222 1114 Hephaestione
232 1055 359 1114 grotisdmo
375 1055 415 1100 sibi
429 1055 488 1101 latus
503 1069 568 1100 suum
583 1060 681 1114 tegente,
694 1053 723 1099 ad

46 1133 91 1164 eos
110 1116 256 1176 alloquendos
273 1119 341 1165 venit
368 1117 441 1179 Cujus
458 1118 556 1164 adventu
569 1125 641 1163 mater
655 1116 722 1164 Darii

45 1188 161 1234 recreata,
179 1181 240 1227 humi
254 1189 389 1244 prostratum
404 1189 473 1244 caput¹
485 1182 563 1235 erexit,
574 1181 723 1244 Hephaestio-

45 1261 161 1306 nemque,
173 1245 224 1306 quia
234 1246 255 1292 ei
265 1255 288 1294 et
299 1245 383 1294 staturi
396 1255 418 1294 et
434 1244 507 1293 sormi
520 1247 646 1307 praeotsbut,
659 1260 723 1292 more

44 1312 177 1360 Persarum
194 1310 289 1366 adulata,
306 1319 419 1372 tamquam
436 1309 590 1358 Alexandrum
608 1309 720 1356 saluttvit.

44 1375 180 1423 Admonita
190 1373 269 1422 deinde
277 1377 367 1430 euronio,
379 1393 419 1438 per
429 1391 539 1423 summam
552 1375 721 1437 trepidationem

43 1439 206 1488 excusationis
217 1441 284 1486 verba
291 1442 410 1501 quaerebat.
430 1441 475 1490 Cui
483 1441 619 1494 Alexander,
633 1439 721 1486 “Nihil

43 1499 114 1559 est?
131 1504 211 1564 inquit,
231 1506 317 1565 “quod
331 1506 374 1552 hoc
388 1507 479 1554 nomine
493 1505 650 1563 confundaris3
667 1520 727 1551 nam.

42 1570 124 1619 ethic
135 1567 336 1616 Alexander.est¹'
366 1570 419 1618 Utri
434 1569 664 1633 prius·gratulemur?
681 1569 720 1630 qui

42 1639 93 1683 hoc
114 1633 189 1679 dicere
205 1633 284 1686 voluit,
302 1649 330 1680 an
348 1635 384 1682 cui
400 1636 476 1682 audire
492 1636 604 1698 contigit?
620 1634 719 1682 Maximi

41 1701 113 1748 enim
124 1696 194 1744 enimi
204 1711 251 1752 rex,
264 1699 330 1744 etiam
341 1705 414 1746 totum
424 1707 533 1749 terrarum
541 1701 617 1746 orbem
626 1705 664 1746 sut
671 1700 720 1746 vic-

40 1763 116 1813 toriis
130 1767 171 1808 sut
185 1777 224 1824 spe
238 1763 374 1824 complexus,
387 1771 436 1809 tum
449 1767 526 1824 paucis
539 1765 612 1810 verbis
627 1779 652 1810 se
666 1779 718 1809 cum

38 1827 134 1878 comite
145 1841 186 1872 susc
194 1827 288 1887 partitus
295 1835 337 1873 est.
354 1827 378 1875 Ο
386 1827 470 1872 donum
478 1827 569 1887 inclytae
574 1827 646 1879 uocis,
657 1827 719 1872 danti

38 1893 134 1959 pariter
152 1897 218 1951 utque
235 1891 350 1953 accipienti
368 1890 506 1954 speciosum!
528 1889 598 1944 Quod
613 1890 718 1950 privatim

38 1971 142 2022 quoque
157 1956 240 2002 merito'
249 1971 352 2009 veneror,
366 1955 482 2006 clarissimi
493 1969 519 2000 ac
529 1953 666 2001 domnini
677 1953 719 1999 viri

37 2019 225 2088 promtissimam
236 2035 290 2082 erga
300 2036 337 2066 me
346 2019 524 2066 benevolentiam
535 2023 647 2078 expertus.
666 2015 718 2064 Nec

37 2093 136 2138 metuo,
156 2099 184 2130 ne
198 2099 276 2146 porum
287 2086 412 2138 conveniat,
430 2084 485 2129 milri
497 2082 630 2144 Pompeium
641 2096 717 2128 meum

38 2155 121 2200 instar
131 2163 182 2195 esse
191 2149 330 2206 Alexandri;
347 2165 398 2195 cum
410 2149 441 2194 illi
453 2147 587 2208 Hephaeetio
598 2160 652 2192 suus
663 2147 719 2192 alter

37 2215 118 2265 fueris
130 2213 264 2260 Alexander.
287 2213 342 2275 Ego
358 2229 413 2260 vero
428 2213 561 2274 grauissimo
575 2209 662 2256 crimini
676 2211 718 2256 sint

39 2277 170 2330 obnoxius,
191 2278 315 2324 constantis
332 2285 356 2325 et
368 2277 478 2338 ¹benignae
496 2276 600 2322 amicitiae
617 2273 720 2336 exempla

40 2349 99 2394 sine
111 2341 216 2404 nunejus
226 2343 340 2390 mentione
350 2350 518 2403 trausgnessus3
535 2342 598 2403 cujus
608 2340 632 2386 in
643 2340 718 2404 animo

39 2411 113 2458 velut
131 2407 157 2452 in
173 2415 290 2468 parentum
307 2407 508 2458 amantissimorum
527 2413 624 2467 pectore,
644 2405 719 2452 laetior

40 2476 105 2523 vitae
116 2485 174 2516 meae
185 2479 257 2518 status
267 2472 348 2533 viguit,
359 2472 444 2518 tristior
454 2471 577 2531 acquievit:
591 2485 660 2530 aquo
668 2486 718 2517 om-

41 2540 113 2588 niurn
121 2536 260 2582 incrementa
270 2537 438 2582 commodorum
449 2537 508 2582 ultro
519 2535 592 2582 oblata
602 2535 664 2597 cepi:
678 2551 719 2597 per

40 2615 118 2666 quem
135 2600 205 2646 tritior
217 2600 325 2648 adiemm
339 2616 405 2647 casus
419 2601 483 2648 steti:
503 2601 541 2662 qui
555 2600 628 2648 studia
641 2607 719 2650 nortis

41 2671 122 2716 ductu
131 2669 157 2712 et
166 2665 269 2728 cuspidis
279 2665 326 2714 'suis
335 2665 441 2714 lucidiora
455 2673 478 2714 et
495 2665 602 2714 useriors
615 2663 717 2715 reddidit
