1820 2982
183 152 215 200 98
276 147 354 200 val.
368 146 507 200 nnxrnss
523 146 577 206 Lu.
592 147 640 198 ΙΙΙ.
660 148 720 200 Cor·
734 154 759 198 2.

185 276 275 327 ubinam
285 284 345 326 esset
354 277 482 340 imperator,
492 279 619 342 respondit:
634 286 650 310 ⁴⁶
662 278 787 344 Imperator
796 281 854 330 beno

186 357 211 392 se
221 343 287 390 habet
294 341 321 390 :¹⁸
338 350 470 403 tantumque
480 344 553 405 eloqui
564 345 641 400 valuit,
654 354 761 407 quantum
770 346 798 393 ad
809 353 854 394 tes-

186 407 277 456 tandam
288 407 357 454 animi
366 407 519 454 fortitudinem
531 417 622 457 aeternae
632 410 691 458 laudi
702 411 755 457 satis
766 417 821 457 erat

149 519 158 534 ,
221 469 287 535 (14.)
299 471 345 520 Tui
356 487 446 534 quoque
457 473 572 520 clarissimi
583 476 695 530 excessus,
710 473 776 529 Cato,
787 475 854 522 Utica

188 535 352 584 monimentum
363 544 405 592 est,
417 539 440 584 in
452 537 496 598 qud
504 553 532 586 ex
542 538 669 587 fortissimis
677 541 805 587 vulneribus
814 542 855 588 tuis

187 601 239 664 plus
258 600 344 664 gloriae,
365 613 432 664 quam
452 604 575 666 sanguinis,
595 605 700 652 manavit.
732 605 853 667 Siquidem,

188 667 370 714 constantissime
380 668 403 713 in
416 667 516 730 gladium
526 669 682 724 incumbendo,
693 685 802 732 magnum
816 672 854 716 ho-

189 730 287 778 minibus
301 731 460 780 documentum
472 733 557 806 dpdisti,
570 742 655 795 quanto
669 735 742 798 potior
756 751 806 782 esse
820 735 856 782 de·

189 795 242 842 beat
255 797 331 860 probis
345 797 444 860 dignitas
458 798 507 846 sine
521 797 575 854 viti,
592 815 660 862 quam
670 800 718 847 vita
728 799 776 848 sine
787 800 856 864 digni·
891 839 892 850 r

224 923 289 990 (15.)
302 923 375 990 Cujus
381 926 428 974 iilia
434 926 526 974 minime
533 928 646 976 muliebris
654 929 735 976 animi:
749 945 800 991 quae
808 945 855 976 cum

190 988 259 1038 Bruti
269 991 312 1039 viri
323 992 357 1039 sui
365 993 490 1046 consilium,
503 993 563 1054 quod
572 994 601 1041 de
608 993 760 1041 interficiendo
770 993 857 1043 cesare
886 1039 889 1048 ,

191 1063 288 1120 ceperat,
304 1053 331 1104 eri
346 1065 420 1112 nocte,
436 1073 502 1119 quam
518 1058 565 1104 dies
579 1059 687 1106 teterrimi
702 1058 755 1106 iacti
771 1067 857 1106 secutus

192 1129 235 1177 est,
247 1122 400 1185 cognovisset,
411 1120 503 1185 egresso
514 1122 638 1170 cubiculum
650 1124 731 1178 Bruto,
746 1125 856 1171 cultellum

193 1189 327 1242 tonsorium,
344 1189 408 1250 quasi
423 1188 532 1249 unguium
546 1189 716 1235 resecandorum
730 1187 805 1245 causti,
820 1205 857 1250 po-

192 1252 272 1314 poscit,
285 1268 364 1312 eoque,
377 1253 439 1299 velut
449 1251 508 1299 forte
518 1253 600 1315 elapso,
614 1269 638 1300 se
647 1253 780 1300 vulneravit.
807 1252 858 1302 Cla·

192 1331 257 1364 more
271 1316 351 1364 deinde
361 1317 489 1364 ancillarum
500 1317 524 1363 in
535 1319 660 1365 cubiculum
672 1325 790 1365 reuocatus
802 1317 859 1365 Bru-

193 1387 238 1433 tus,
256 1381 374 1442 objurgare
384 1395 434 1428 eam
445 1383 521 1444 eoepit,
533 1383 593 1444 quod
605 1383 702 1430 tonsoris
712 1384 860 1446 praeripuisset

193 1443 300 1490 officium.
332 1443 376 1492 Cui
392 1453 478 1492 secreto
496 1446 585 1501 Porcia,
604 1447 687 1494 “Non
704 1446 765 1502 est,”
784 1449 858 1509 inquit,

195 1514 211 1538 ‘⁸
223 1508 267 1554 boc
283 1509 425 1555 temerarium
440 1509 526 1558 factum
542 1528 625 1567 meum,
644 1512 725 1560 sedin
744 1512 784 1559 tali
804 1521 859 1560 statu
892 1514 893 1528 ¹

193 1577 272 1618 nostro
280 1573 363 1619 amon’s
371 1574 416 1620 mei
423 1589 478 1636 erga
489 1583 512 1622 te
522 1577 669 1624 certissimum
681 1577 795 1624 indicium.
814 1578 860 1626 nx·

192 1635 260 1700 periri
268 1636 327 1682 enim
335 1638 404 1692 volui,
415 1639 433 1686 si
442 1640 480 1686 tibi
486 1643 624 1703 propositum
633 1657 662 1690 ex
668 1641 780 1689 sententiis
787 1657 859 1706 parum

192 1700 305 1758 cessisset,
317 1717 384 1764 quam
391 1719 461 1767 aquo
471 1706 547 1754 animo
557 1723 595 1755 me
603 1707 663 1756 ferro
674 1723 747 1756 essem
757 1707 860 1756 interem-

192 1763 267 1812 tura.”

228 1828 294 1895 (16.)
311 1830 409 1880 Felicior
422 1835 531 1898 progenie
544 1834 585 1883 suti
599 1837 699 1900 superior
710 1833 779 1892 Cato,
795 1853 809 1885 a
823 1851 861 1898 quo

195 1893 383 1946 Porciaesmniliae
390 1901 498 1962 principia
505 1899 630 1948 manirunt.
649 1901 695 1956 Qui
706 1917 758 1948 cum
767 1904 796 1949 ab
804 1904 861 1948 hoste

194 1960 219 2008 in
234 1962 282 2010 acie
296 1964 424 2010 vehementi
436 1965 536 2026 periculo
550 1974 670 2027 peteretur,
685 1965 769 2027 vagimi
779 1968 861 2029 gladius

195 2027 245 2088 ejus
261 2027 349 2091 elapsus
368 2029 464 2075 decidit:
484 2045 551 2091 quern
572 2032 695 2094 subjectum
714 2032 859 2092 proeliantiun

194 2091 272 2154 globo,
294 2100 317 2140 et
335 2094 433 2154 undique
451 2095 567 2142 hostilibus
585 2097 677 2158 pedibus
695 2097 859 2148 circumdatum,

194 2163 314 2218 postquam
333 2160 410 2206 abesse
428 2159 469 2204 sibi
490 2159 653 2216 animadvertit,
675 2161 731 2218 adeo
753 2161 859 2209 constanti

194 2221 271 2268 auimo
281 2223 305 2268 in
316 2238 379 2270 suam
390 2230 523 2285 potestatem
535 2226 628 2288 redegit,
641 2233 666 2272 ut
676 2226 739 2272 illurn
751 2241 800 2274 non
810 2226 860 2290 peri·

195 2285 248 2331 culo
256 2301 374 2350 oppressus
382 2303 467 2350 rapere,
480 2289 518 2335 sed
529 2298 591 2337 metu
602 2306 686 2338 vacuus
697 2307 793 2346 sumere,
806 2291 860 2340 vide·

196 2355 265 2396 retur.
294 2349 348 2404 Quo
358 2353 485 2414 spectaculo
496 2355 585 2401 attoniti
596 2356 679 2410 hostes,
691 2364 783 2418 postero
794 2355 861 2405 dicad

194 2425 249 2476 eum
261 2415 371 2536 supplices
381 2432 458 2478 pacem
469 2425 570 2482 petentes
581 2430 699 2467 venerunt.

230 2477 281 2537 (17.
313 2477 388 2541 Togae
398 2497 487 2542 quoque
498 2483 606 2530 fortitudo
619 2486 751 2533 militaribus
762 2487 858 2550 open'bus

195 2538 314 2588 inserenda
323 2549 364 2596 est,
377 2546 429 2604 quia
437 2548 537 2594 eamdem
548 2549 636 2596 laudem
646 2549 696 2600 foro
707 2557 776 2612 atque
788 2551 859 2600 castris

195 2601 255 2649 edita
265 2614 370 2653 meretur.
402 2607 462 2657 Cum
471 2611 507 2658 Tr.
520 2614 638 2662 Gracchus
646 2616 668 2662 in
677 2617 801 2671 tribunatu,
812 2632 859 2680 pro-

193 2665 312 2718 fusissimis
327 2671 481 2735 largitionibus
496 2677 574 2726 favore
586 2681 662 2744 populi
673 2689 793 2744 occupato,
807 2696 859 2730 rem-
