1820 2982
189 169 237 214 102
280 166 360 216 VAL.
370 165 509 216 Mamur
525 164 578 215 Lra.
593 163 645 214 ili.
661 167 723 218 Cera
734 169 758 215 ἰ.

187 298 277 360 liquisti,
294 297 353 344 inter
363 297 464 344 undssne
473 311 573 359 pugnam
584 295 699 344 fortiorem
710 295 809 350 edideris,
820 311 851 344 ιιι

186 365 210 410 in
218 361 278 410 terri
286 376 365 408 vocem
373 362 479 408 emiseris.
507 361 573 409 Bello
584 377 687 423 namque,
699 379 744 423 quo
755 359 783 410 C·
796 359 850 410 ce-

186 443 230 480 sar,
248 441 294 472 non
309 433 428 473 contentus
439 441 506 487 opera
517 442 557 473 sus
568 427 653 474 Oceani
664 427 765 474 claudere
778 427 850 472 litori·-

185 494 234 543 bus,
251 489 389 537 Britannicae
403 491 483 536 iusulre
494 492 597 538 coelestes
607 492 683 554 injecit
694 505 779 544 manus,
797 503 848 537 cum

185 564 282 617 quatuor
292 556 479 602 commilitonibus
490 564 538 602 rate
548 563 688 603 transvectus
698 558 721 602 in
733 556 847 617 scopulum

184 621 283 668 vicinum
291 619 379 674 insulae,
388 635 455 681 quarn
464 621 562 666 hostium
570 621 673 682 ingentes
683 623 754 682 copias
764 621 849 667 obtine-

184 688 251 742 baum
273 691 390 747 postquam
410 692 479 732 aestus
498 701 602 746 regressu
621 701 662 731 suo
681 687 782 747 spatium,
803 700 848 744 quo

185 750 291 812 scopulus
307 757 330 796 et
346 750 420 797 insule
436 750 596 803 dividebantur,
614 751 638 796 in
655 751 737 798 vadum
754 750 848 796 transitu

183 807 249 862 la'cile
268 815 361 876 redegit,
385 815 472 876 ingenti
493 815 635 861 multitudine
655 815 796 862 barbaronrm
815 811 848 860 ai·

184 881 276 933 fluente,
294 880 382 926 caeteris
397 887 444 926 rate
459 880 487 924 ud
496 879 550 925 litus
561 880 676 942 regressis,
694 880 755 926 solus
768 879 848 924 immo-

183 947 250 992 bilem
269 945 370 992 stationis
387 944 482 1006 gradum
500 944 604 996 retinens,
623 945 719 1004 undique
736 944 849 990 ruentibus

184 1012 241 1064 telis,
257 1017 283 1057 et
294 1011 320 1056 sb
331 1009 393 1056 omni
403 1015 466 1070 parte
480 1009 524 1054 scri
540 1009 613 1055 studio
624 1009 652 1055 sd
663 1017 686 1055 te
699 1009 847 1054 invadendum

184 1076 313 1128 nitentibus,
331 1075 429 1136 quinque
439 1073 535 1119 militum
547 1073 626 1119 diurno
636 1073 716 1135 proelio
731 1071 849 1118 suffectura

182 1143 235 1204 pile,
248 1138 293 1187 uni
303 1137 390 1192 dextri,
402 1139 499 1184 hostium
511 1139 639 1198 corporibus
650 1137 758 1200 adegisti:
777 1137 806 1183 ad
817 1137 850 1184 ul-

183 1209 264 1254 timum
273 1205 378 1252 destricto
387 1203 468 1264 gladio,
479 1202 649 1248 audacissimum
657 1217 774 1262 quemque,
782 1202 849 1248 modo
896 1243 897 1252 ,

185 1271 288 1318 umbonis
299 1269 403 1330 impulsu,
415 1267 483 1312 modo
495 1267 608 1312 mucronis
616 1267 662 1313 ictu
671 1267 789 1327 depellens,
798 1267 850 1312 hinc
896 1265 897 1268 ’

184 1334 302 1387 Romanis,
314 1333 375 1379 illinc
386 1331 522 1377 Britannicis
533 1331 603 1378 oculis
613 1332 741 1384 incredibili,
751 1331 793 1376 nisi
802 1347 851 1377 cer-

184 1399 278 1451 neretis,
295 1397 421 1457 spectaculo
439 1396 507 1442 fuisti.
539 1395 662 1456 Postquam
680 1396 759 1442 deinde
774 1397 809 1442 ira
824 1411 849 1441 ac

183 1464 256 1526 pudor
267 1468 348 1508 cuncta
359 1460 434 1506 conari
447 1459 519 1507 fessos
530 1461 610 1523 cb'egit,
624 1459 710 1524 tragali
719 1460 794 1506 lemur
805 1467 849 1507 tra-

178 1531 261 1590 jectus,
279 1525 372 1586 marique
381 1525 479 1586 pondere
490 1541 529 1572 ore
540 1534 654 1579 contusus,
666 1525 731 1588 galei
740 1527 788 1588 jam
800 1525 849 1571 icti·

182 1595 224 1638 bus
239 1588 346 1643 discussi,
362 1596 386 1635 et
403 1600 466 1635 acuto
482 1591 564 1637 crebris
578 1590 722 1637 foraminibus
737 1591 846 1642 absumtc,

181 1655 293 1719 profundo
305 1661 328 1701 te
338 1654 456 1708 credidisti,
466 1670 492 1701 ac
500 1655 584 1702 duabus
592 1655 666 1702 loricis
677 1661 777 1708 onustus,
790 1657 848 1701 inter

181 1721 261 1773 nudus,
273 1735 328 1780 quas
338 1719 413 1766 hostili
421 1720 622 1773 cruoreiniecerss,
635 1718 743 1768 enatisti:
756 1720 848 1780 visoque

181 1787 322 1847 imperatore,
335 1785 410 1836 ,ermis
429 1799 475 1832 noa
494 1785 588 1838 amissis,
608 1785 646 1830 sed
661 1787 718 1832 bene
733 1785 847 1846 impensis,

150 1901 155 1917 ,
181 1866 232 1898 cum
241 1850 329 1897 laudern
339 1850 462 1904 merereris,
471 1850 559 1896 veniam
567 1850 656 1911 petiisti.
676 1849 778 1912 Magnus
788 1863 848 1911 prce·
895 1881 896 1906 ι

180 1917 219 1968 lio,
233 1916 272 1963 aed
282 1917 352 1978 mqjor
363 1915 485 1976 disciplinae
493 1915 594 1962 militaris
602 1913 722 1961 memorii:
736 1915 812 1976 itaque
822 1914 847 1960 ab

181 1982 267 2044 optimo
286 1980 375 2028 virtutis
392 1979 535 2032 aestimatore,
556 1995 606 2026 cum
626 1979 691 2032 facta,
712 1987 761 2025 turn
780 1979 847 2026 ιιίιιιι

180 2047 248 2094 verba
258 2053 304 2099 tua,
317 2044 485 2092 centurionatus
496 2045 581 2090 bonore
591 2044 673 2091 donata
684 2050 743 2090 aunt.

213 2108 276 2173 (24.)
290 2109 342 2164 Sed,
354 2109 414 2170 quod
424 2107 452 2155 sd
462 2109 614 2169 proelistorum
626 2109 773 2156 excellentem
783 2107 848 2154 sorti-

180 2176 281 2224 tudinem
292 2175 378 2227 attinet,
391 2173 471 2219 merito
483 2172 512 2218 L.
522 2173 597 2219 Siciuii
607 2173 701 2220 Dentati
710 2189 847 2220 commemo-

179 2241 237 2287 ratio
253 2241 329 2287 omnia
345 2239 450 2286 Romana
465 2238 567 2298 exempla
584 2237 681 2296 finierit;
698 2240 763 2301 cujus
780 2251 846 2300 opere

179 2306 321 2364 honoresque
330 2317 421 2364 operum
433 2301 492 2348 ultre
501 2301 568 2348 fidem
579 2303 626 2349 veri
637 2303 745 2350 excedere
751 2301 846 2365 judicari

177 2374 278 2430 possent,
296 2367 338 2412 nisi
350 2381 376 2412 ea
386 2367 440 2413 certi
451 2373 560 2419 auctores,
578 2367 636 2414 inter
647 2383 703 2428 quos
716 2367 751 2413 Μ.
763 2367 845 2420 Varro,

179 2431 324 2490 monimentis
336 2431 381 2476 sais
393 2437 473 2478 testata
484 2446 533 2478 ease
543 2431 674 2478 voluissent.
706 2432 782 2485 Quem
793 2445 847 2477 ceu·
894 2453 895 2460 ι

178 2495 221 2540 ties
230 2501 253 2539 et
260 2493 358 2554 vigesies
365 2494 389 2538 iu
398 2495 468 2540 aciem
477 2495 617 2543 descendisse
625 2497 722 2550 tradunt,
733 2512 760 2542 eo
769 2497 847 2542 robore
894 2487 895 2502 ¹

178 2556 246 2604 enimi
265 2564 333 2616 etque
351 2559 450 2618 corporis
469 2565 576 2614 utentem,
586 2567 620 2606 ‘ut
636 2563 743 2623 majorem
760 2573 847 2621 semper

178 2619 281 2670 victoriae
297 2627 382 2682 partem
402 2623 497 2669 traxisse
513 2625 639 2672 videretur=
659 2641 700 2672 sex
715 2633 738 2672 et
754 2624 847 2688 trigiuts

177 2683 248 2748 spolia
266 2699 296 2733 ex
315 2686 381 2733 hoste
398 2687 507 2743 retulisse,
525 2704 621 2751 quorum
640 2691 664 2738 in
681 2695 775 2740 numero
794 2695 846 2750 octp
