1870 2990
183 153 268 206 vnt-
278 155 417 206 maxum
432 156 572 206 Invm.
591 145 702 210 cogis.
736 169 785 217 aaa

104 313 111 338 ,
145 278 200 344 (Β.)
211 278 268 329 Jam
277 293 330 340 quse
339 278 363 326 in
374 276 420 328 Cn.
429 278 594 346 Pompilunut
603 282 711 344 amplaet
721 299 781 334 nova

108 351 223 408 'congesta
237 354 297 398 sunt,
308 345 361 391 binc
371 345 500 394 mundone
508 345 600 401 favoris,
615 347 676 394 illinc
688 347 780 398 fremitu

107 410 210 464 invidiae,
225 409 341 456 liternum
351 410 496 458 monimentis
509 412 673 474 obstrepantur.
700 412 779 474 Eques

102 474 238 546 ‘Romanum
256 489 297 536 pro
312 473 404 521 consule
419 475 443 522 in
455 475 589 538 Hispaniam
603 477 710 524 adversus
725 479 778 526 Ser-

110 539 201 594 torium,
218 537 265 600 pari
280 538 374 600 imperio
389 554 440 586 cum
452 539 495 587 Pio
506 541 603 588 Metello
612 542 712 603 principe
722 543 779 590 civi-

108 605 169 658 tatis,
178 603 309 650 miuusest.
327 603 437 651 Nondum
445 605 516 651 ullum
523 606 631 653 bonorem
642 607 775 669 auspicatur,

101 669 150 722 ‚bis
160 667 319 730 triumphavit:
338 667 402 716 initia
414 669 586 731 magirtratutun
600 686 615 718 a
631 686 719 718 summo
733 673 777 718 im·

107 734 171 796 perio
181 733 254 794 cepit:
268 732 359 779 tertium
370 734 510 780 consulatum
518 735 608 782 decreto
616 737 706 784 senatils
715 737 777 784 solua

106 798 192 860 gessit:
206 797 235 844 de
245 797 384 852 Mithridate,
393 797 531 860 etTigrane
543 799 571 846 de
581 799 658 846 multia
668 809 777 862 praeterea

107 863 208 924 regibus,
222 862 334 924 gentibus,
347 863 494 924 plurimisque
504 863 638 918 civitatibus,
653 874 677 912 et
687 866 775 928 praedo-

105 927 179 980 aibau,
191 941 263 974 unum
273 925 338 973 duxit
346 928 492 990 triumphum.

97 1029 101 1040 .
142 989 191 1056 (9.)
210 989 243 1045 Q.
256 991 324 1038 etiam
341 989 448 1040 Catulum
466 993 562 1054 populus
581 991 700 1042 Romanus
718 1011 775 1044 voce

106 1055 149 1104 suri
162 1063 251 1104 tantum
266 1070 313 1101 non
326 1056 356 1104 sd
367 1057 439 1104 sidera
448 1072 520 1117 usque
529 1057 612 1104 evenit.
638 1057 708 1112 Nam,
720 1075 772 1106 cum

105 1123 136 1170 ab
146 1136 173 1168 eo
186 1135 228 1182 pro
239 1119 331 1168 Rostris
341 1121 522 1184 interrogaretur,
537 1121 557 1168 ai
568 1121 592 1167 in
602 1136 648 1168 uno
663 1121 772 1185 Pompeio

105 1185 198 1248 Magno
214 1185 290 1232 omnia
306 1200 414 1247 reponere
427 1183 599 1249 perseverdsset,
615 1187 719 1234 absumto
732 1188 771 1236 illo

103 1250 172 1298 nobiti
187 1249 253 1297 casda
271 1249 369 1305 incursu,
387 1251 412 1297 in
430 1265 475 1312 quo
491 1265 554 1312 spem
572 1258 632 1298 esset
642 1252 772 1311 habitaturae

101 1330 194 1364 nummo
202 1329 313 1361 consensu
321 1316 458 1370 acclamavit,
472 1322 488 1345 ‘⁴
497 1313 526 1362 In
537 1313 585 1362 te’'
601 1314 657 1362 Vim
667 1316 770 1364 bonomti

97 1380 179 1444 judicii
196 1378 358 1429 admirabilem!
376 1381 485 1441 siquidem
496 1379 610 1442 Magnum
627 1379 768 1444 Pompeium,

101 1459 157 1492 cum
170 1445 273 1491 omnibus
288 1446 425 1493 ornamentis
438 1460 490 1507 quae
502 1445 575 1500 retuli,
592 1444 686 1494 duarum
701 1446 770 1508 tylis·

98 1511 179 1558 hrum
190 1509 261 1572 spatio
271 1508 390 1565 inclusum,
403 1508 486 1559 Catulo
496 1510 601 1572 aequavit.

134 1571 200 1639 (lo.)
218 1571 298 1620 Potest
312 1581 336 1620 et
350 1574 387 1622 M.
399 1573 500 1630 Catouie
512 1589 542 1622 ex
553 1573 632 1638 Cypro
643 1589 695 1622 cum
705 1573 769 1638 regit

98 1635 195 1703 pocomi
209 1639 348 1693 revertentia,
359 1641 465 1702 appulsus
478 1640 507 1686 ad
517 1641 588 1703 ripam
598 1639 687 1688 Tiberis
697 1641 768 1688 videri

98 1703 262 1751 memorabilis:
282 1703 318 1749 cui
329 1705 380 1751 navi
394 1705 518 1766 egredienti
528 1705 638 1758 consules,
653 1712 677 1752 et
691 1705 767 1752 caeteri

97 1769 251 1831 magistratus,
269 1774 292 1814 et
308 1768 426 1816 universus
441 1769 466 1816 S.
479 1767 507 1814 P.
522 1767 554 1822 Q„
563 1767 595 1814 R.
612 1769 680 1815 officii
693 1767 767 1831 gratii

91 1841 184 1896 ,proeato
197 1832 256 1890 luit5
272 1847 319 1878 non
334 1832 394 1894 quod
408 1847 517 1894 magnum
531 1832 619 1894 pondus
634 1833 681 1878 auri
696 1840 719 1880 et
729 1849 767 1880 aaa·

96 1898 170 1961 genti,
187 1897 227 1944 aed
236 1897 297 1958 quod
308 1897 345 1944 M.
359 1896 478 1952 Catonem
494 1896 571 1944 classis
581 1897 620 1943 illa
629 1896 765 1946 incolumem

94 1963 225 2016 advexmn,
236 1963 334 2010 latinus.

92 2075 98 2087 ,
130 2025 196 2091 (11.)
215 2026 261 2075 Sed
279 2027 411 2083 nescio,=an
429 2027 567 2090 precipuum
585 2025 614 2072 sit
632 2023 661 2071 1,
681 2024 765 2074 Marcii

94 2091 196 2140 inusitati
205 2091 293 2138 decurio
302 2092 438 2206 exemcplum,
450 2107 517 2154 quem
525 2091 622 2153 equitem
634 2091 764 2138 Romanum

92 2157 141 2205 duo
151 2156 271 2210 exercitus,
285 2156 312 2204 P.
321 2165 345 2205 et
378 2172 401 2204 n.
415 2157 545 2220 Scipionum
556 2155 647 2202 interitu
658 2154 764 2204 victoni·

90 2238 140 2284 que
150 2219 299 2268 Hasdrubalis
308 2222 406 2276 lacerati,
417 2222 498 2270 duoem
511 2221 605 2284 legeram

90 2301 149 2350 pore
163 2286 224 2332 salus
237 2301 323 2341 eorum,
338 2287 362 2334 in
372 2287 463 2335 ultimus
472 2285 589 2349 suguntur

89 2351 142 2400 lum
152 2350 267 2398 ambitioni
276 2351 352 2402 locum
362 2352 507 2414 relinquebct.

127 2413 194 2480 (12.)
211 2413 298 2462 Merito
313 2417 413 2464 virorum
430 2414 637 2464 commemorationi
657 2413 761 2478 Sulpicia,

93 2479 269 2529 Ser..Paterculi
279 2481 331 2536 iilia,
344 2480 377 2536 Q.
390 2479 466 2528 Fulvii
477 2480 552 2528 Flacci
564 2495 629 2534 uxor,
642 2479 758 2542 adjiciturs

92 2561 155 2609 quar,
172 2560 230 2621 qum
242 2553 340 2600 senatus.
358 2545 420 2594 labris
435 2546 550 2622 Sibyllinis
566 2561 607 2622 per
623 2544 762 2622 decemyirm

86 2609 674 2738 tiffitffi’ffeii:;.iizldtiiti:
682 2625 762 2724 ..iil
