1828 2982
165 164 253 214 mu.
267 125 646 230 usxrrrrnsvrucms.
698 169 743 214 sm

75 308 103 342 so
114 293 185 341 tristis
196 294 319 343 severitatis
329 302 379 344 sets
391 303 522 353 narrantum
540 304 572 350 ut,
583 295 647 342 omni
657 293 746 342 mitiore

75 359 215 420 eoglouone
224 357 327 422 sepositi,
346 361 411 407 rebus
426 362 503 408 auditu
518 361 601 424 superis
611 367 684 408 vacet.
708 357 745 406 Its
794 351 798 360 ’

75 423 137 470 enim
148 424 260 472 destristae
270 432 293 471 et
303 425 450 472 inexorabiles
461 425 573 480 vindiotae,
591 431 614 471 et
625 425 686 472 varis
696 437 746 485 poe·

74 501 156 534 norton
167 503 257 550 genem
279 489 302 535 in
318 489 416 538 medium
426 497 565 551 procurrent,
584 489 646 536 utilis
656 489 746 550 quidem

74 551 154 614 legum
165 553 316 612 muniments3
335 554 374 600 ssd
391 554 483 602 minime
499 555 523 600 in
540 553 626 617 plsoido
637 561 660 600 et
671 554 746 615 quieto

74 617 207 679 peginsnrm
219 632 312 665 munero
323 619 456 681 reponendo.

109 680 160 744 (1.)
178 681 215 728 Μ.
226 681 334 736 Manlius,
346 683 405 729 unde
417 683 497 730 Gallos
507 685 628 746 depulerat,
638 683 690 730 inde
697 681 746 745 ipse

75 747 227 808 precipitatum
244 754 295 805 est3
314 748 366 809 quis
384 747 471 795 sortiter
489 748 603 796 defensam
621 749 746 794 libertatem

75 809 161 858 nefaris
172 812 295 873 opprimere
305 819 398 859 conotus
408 811 487 860 fuerat.
516 811 747 876 Cujusjustaeultio-
837 871 841 877 Ι

75 875 112 921 nis
124 875 228 922 nimirum
239 877 288 924 lraeo
298 877 400 940 praeistio
409 877 467 924 suits
488 877 614 924 “Manlius
625 891 674 924 erus
682 875 745 930 mihi,

76 953 131 988 eum
148 941 274 1002 precipites
292 942 374 1004 agebas
392 941 508 990 Senonesz
528 949 646 1004 postquam
665 941 747 987 imitari

75 1003 173 1066 ooepisti,
192 1019 250 1052 unus
263 1004 336 1053 fuctus
346 1021 371 1053 es
381 1022 410 1054 ex
422 1005 573 1054 Senonibus.”
599 1005 677 1068 Hujus
694 1019 748 1066 sup-

76 1069 145 1130 plicio
156 1077 248 1117 seternae
257 1070 372 1118 memorise
386 1079 440 1118 notu
449 1071 534 1118 inserts
543 1079 586 1117 est.
614 1069 710 1131 Propter
720 1069 749 1116 il-

77 1129 127 1180 lurn
138 1135 198 1180 enim
215 1134 266 1197 lege
283 1136 362 1182 sanciri
378 1136 468 1198 plsouit‚
487 1149 516 1182 ne
534 1136 584 1197 quis
602 1134 707 1197 patricius
723 1134 748 1179 in

78 1213 138 1251 moe,
150 1205 189 1244 aut
201 1196 319 1262 Capitolio,
337 1201 460 1258 habitarem
477 1199 530 1261 quis
548 1199 641 1246 domum
658 1214 685 1245 eo
703 1199 748 1262 ioci

76 1263 192 1316 lusbrmmt,
204 1264 240 1310 ubi
252 1278 312 1312 nuno
323 1265 395 1311 sedem
407 1264 512 1322 Monetae
522 1263 632 1312 videmus.
655 1262 701 1310 Par
711 1263 748 1309 in-

75 1326 181 1388 dignatio
191 1327 287 1376 civium
303 1329 409 1376 sdversns
427 1330 466 1391 Sp.
485 1327 589 1377 Cassium
607 1329 695 1390 empit3
712 1327 749 1373 cni

78 1391 132 1453 plus
150 1391 246 1452 suspicio
265 1394 390 1455 oonoupitae
405 1393 563 1442 dominationis
581 1393 665 1446 nocuit,
682 1405 749 1453 qusm

75 1463 127 1503 tres
145 1455 258 1517 magnifici
276 1458 404 1504 oonsulstus
423 1473 452 1504 so
469 1458 514 1506 duo
533 1457 689 1522 speciosissimi
708 1457 749 1503 tri-

76 1519 157 1582 umphi
166 1519 306 1581 profuerunt.
323 1521 419 1570 senatus
429 1522 497 1578 enim,
512 1524 652 1586 populusque
662 1521 750 1569 Romn-

77 1599 131 1638 nus,
143 1598 190 1630 non
197 1592 317 1632 contentus
328 1586 417 1648 capituli
425 1603 477 1634 eum
488 1589 595 1650 supplicio
606 1589 701 1641 afficere,
713 1587 751 1632 in-

78 1655 177 1696 teremto
188 1649 278 1696 domum
288 1651 412 1713 superjecit,
421 1660 447 1698 ut
453 1654 567 1714 penatium
576 1669 665 1714 quoque
674 1660 750 1712 strage

76 1713 203 1776 puniretur.
229 1711 258 1760 Iu
273 1715 322 1761 solo
334 1723 409 1762 sutem
426 1715 497 1762 aedem
508 1716 607 1764 Telluris
616 1717 676 1764 iecit
702 1715 751 1762 ltu-

76 1793 132 1839 que,
150 1777 211 1838 quod
228 1780 289 1841 prius
306 1780 443 1826 domicilium
462 1781 592 1842 impotentis
610 1781 652 1827 viri
668 1781 749 1833 suerat,

77 1857 141 1890 nunc
158 1842 269 1904 mligiosae
281 1844 404 1891 severitatis
417 1844 579 1890 monimentum
588 1851 637 1890 est.
662 1843 750 1890 Eadem

78 1922 159 1954 susum
177 1907 217 1970 Sp.
235 1907 339 1956 Maelium
354 1907 466 1955 oondmili
482 1909 543 1954 exitu
557 1907 628 1969 putris
638 1908 748 1953 multavit.
847 1915 850 1920 '

78 1974 143 2020 Areo
152 1987 208 2020 vero
218 1973 299 2020 domis
309 1975 364 2037 ejus,
376 1988 421 2035 quo
428 1972 516 2034 justitio
528 1971 628 2033 supplicii
639 1971 713 2018 notior
723 1972 752 2018 sd

77 2044 183 2100 posteros
204 2037 336 2099 perveniret,
363 2043 379 2068 ‘⁶
394 2035 553 2099 AEquimoeh’i’'
581 2036 751 2098 appellationem

80 2103 157 2150 truit-

112 2166 230 2220 Qusntum
242 2182 297 2230 ergo
311 2168 355 2214 odii
370 2168 476 2216 adversus
491 2167 568 2213 hostes
578 2164 686 2212 libertatis
697 2164 753 2211 insi·

79 2239 130 2278 tuns
140 2231 221 2278 snimis
231 2231 316 2292 antiqui
333 2234 447 2286 haberent,
465 2233 573 2294 parietum
589 2245 615 2277 so
632 2235 751 2284 tectorum,

78 2293 753 2409 {l‘illimllllliitllltlllltll

146 2391 154 2407 0
458 2393 465 2416 ,
741 2385 753 2396 “

81 2426 153 2478 vium,
172 2424 301 2486 corporibus
311 2427 432 2480 trucidatis.
451 2433 543 2488 penates
561 2427 589 2474 sb
607 2423 658 2470 imis
672 2423 754 2470 fundo-

81 2490 165 2536 mentis
175 2490 232 2536 eruti
244 2497 303 2537 sunt
324 2487 439 2538 Caetenim
451 2491 569 2538 Flsouisnn
579 2505 637 2543 ures,
650 2504 701 2536 oum
713 2487 751 2534 diu

80 2554 199 2618 penatibus
218 2569 289 2602 uncus
308 2554 434 2608 mansisset,
453 2571 467 2602 s
485 2555 516 2609 Q
535 2553 618 2604 Cntulo
635 2552 754 2602 Cimbricis

81 2619 159 2684 spoliis
171 2617 279 2666 edomuit
289 2627 330 2666 est.

114 2683 198 2746 Viguit
209 2683 233 2730 in
252 2681 329 2732 nonii
346 2683 436 2732 civitate
452 2683 489 2731 Tr.
501 2691 533 2732 et
553 2682 582 2733 C.
599 2683 755 2732 Grtcchorum
