1842 2992
158 159 203 216 24·
267 149 749 204 vsumsxmlmncrse

430 283 549 330 Ecurria

158 371 179 412 l.
194 365 267 413 Xerxi
278 363 399 420 Persarum
410 364 466 426 regi.
489 360 494 426 Ι
508 367 531 409 2.
545 362 619 410 Midae
629 364 677 428 regi
687 363 773 412 infanti.

316 434 341 476 3.
355 427 445 476 Plutoni
455 429 534 492 philos.
544 428 631 475 infanti.

187 545 346 608 Prodigiorum
353 559 452 606 quoque,
465 561 517 606 quae
525 551 564 592 eut
575 544 672 591 secunda
682 551 721 592 eut
731 545 824 594 adverse

155 611 290 664 acciderunt,
303 609 376 656 debita
386 609 500 672 proposito
511 617 589 656 nostro
600 609 677 655 relatio
688 616 730 656 est

186 673 235 741 (1.)
250 675 319 722 ‘Seru
332 674 416 728 Tullio,
433 674 500 720 etiam
514 681 563 720 tum
579 675 679 735 puerulo,
696 673 822 728 dormienti,

155 739 214 788 circa
229 747 295 801 caput
309 738 422 786 flammam
439 739 562 790 emicuisse,
580 737 696 784 domestici
710 739 769 786 ocull
783 753 824 785 en-

154 811 297 852 notuverunt.
324 803 393 858 Quod
408 803 534 869 prodigium
550 802 622 849 Prisci
629 802 748 864 'Tarquinii
764 804 825 866 regis

155 883 213 916 uxor
228 868 340 930 Tanaquil
355 869 469 922 admirata,
488 868 598 922 Servium,
616 866 681 914 servi
697 875 781 922 netum,
799 869 824 914 in
910 871 911 876 ’

154 935 246 981 modum
257 932 296 980 filii
307 933 417 986 educavit,
430 939 453 979 et
463 932 492 980 ed
502 933 589 995 regium
599 931 714 994 fastigium
723 933 805 979 evexit.

188 997 237 1062 (2.)
257 999 335 1060 AEque
352 998 423 1045 felicis
442 997 537 1044 eventus
552 997 593 1043 illa
608 995 705 1050 flamma,
726 1013 777 1058 quae
793 1012 823 1044 ex
910 1047 911 1050 ,

154 1063 184 1110 1,
199 1064 288 1118 Marcii,
305 1064 367 1110 ducis
382 1063 477 1110 duorum
492 1063 637 1116 exercituum,
652 1077 709 1122 quos
718 1061 824 1110 interitus

154 1127 183 1176 Ρ.
194 1137 217 1176 et
230 1127 273 1177 Cn.
285 1129 415 1191 Scipionum
425 1128 449 1174 in
460 1125 572 1190 Hispaniis
582 1126 738 1181 debilitaverat,
750 1127 824 1189 cupite

153 1195 307 1241 concionantis
325 1194 401 1240 eluxit.
428 1192 536 1252 Namque
553 1193 601 1252 ejus
616 1191 730 1252 adspectu,
747 1193 824 1254 pavidi

153 1259 232 1322 adbuc,
248 1259 330 1304 milites
344 1259 459 1320 pristinam
472 1267 602 1318 recuperare
615 1255 769 1302 fortitudinem
782 1257 824 1302 nd-

153 1323 246 1376 moniti,'
258 1329 309 1368 octo
321 1329 344 1368 et
354 1323 447 1382 triginta
457 1321 553 1366 millibus
562 1321 661 1367 hostium
672 1321 744 1375 caesis,
755 1336 822 1383 mag-

153 1403 227 1448 noque
238 1401 331 1432 numero
342 1387 365 1432 in
376 1391 509 1447 potestatem
520 1386 616 1441 reductu,
628 1385 680 1432 bina
690 1393 763 1432 castra
774 1385 834 1432 Pu-'

153 1452 209 1498 nicis
220 1452 298 1512 opibus
308 1450 390 1498 referta
400 1457 514 1510 ceperunt.

181 1513 235 1579 (3.)
254 1514 319 1570 Item,
338 1530 389 1561 cum
405 1515 463 1560 bello
477 1515 522 1561 acri
537 1521 560 1562 et
577 1515 663 1562 diutino
676 1515 790 1570 Veientes,
809 1531 824 1564 a

152 1579 264 1628 Romanis
281 1581 341 1627 intra
359 1579 443 1626 moeuia
458 1579 574 1642 compulsi,
595 1581 643 1642 cepi
659 1595 705 1626 non
721 1589 822 1642 possent,

152 1659 223 1706 euque
238 1660 302 1692 mors
316 1659 362 1690 non
376 1645 450 1690 minus
465 1645 622 1699 obsidentibus,
636 1661 702 1706 quum
718 1646 822 1700 obsessis,

152 1709 296 1758 intolerabilis
314 1710 433 1763 videretur,
453 1716 565 1772 exoptatos
583 1709 684 1756 victoriae
702 1711 745 1756 iter
763 1711 822 1757 miro

151 1775 255 1838 prodigio
270 1774 312 1822 Dii
327 1773 463 1821 immortales
478 1774 638 1836 patefecerunt.
666 1775 744 1822 Subito
760 1775 823 1822 enim

152 1840 255 1887 Albanus
273 1840 342 1894 lacus,
361 1855 439 1900 neque
460 1839 587 1886 coelestibus
607 1839 714 1886 imbribus
733 1847 821 1894 auctus,

151 1920 225 1966 neque
234 1905 380 1952 inundatione
387 1905 454 1951 ullius
461 1904 534 1950 amnis
541 1905 636 1966 adjutus,
647 1905 737 1951 solitum
746 1905 823 1967 stagni

151 1971 244 2017 modum
255 1971 364 2018 excessit:
384 1971 449 2032 cujus
463 1969 495 2015 rei
508 1969 650 2030 explorandae
661 1967 733 2031 gratiis
742 1969 821 2032 legati,

116 2045 118 2050 '
151 2036 180 2082 ad
198 2035 470 2099 Delphicumroraculum
489 2033 559 2086 missi,
580 2034 710 2087 retulerunt,
730 2035 824 2096 praecipi

151 2101 254 2156 sortibus,
270 2107 296 2148 ut
310 2115 390 2162 aquom
403 2098 466 2145 luciis
477 2099 525 2160 eJus
536 2098 640 2144 emissam
650 2113 690 2160 per
700 2113 768 2160 agros
779 2099 825 2145 dif-

149 2164 283 2213 funderent:
298 2166 335 2212 :sic
345 2165 410 2211 enim
422 2162 493 2210 Veios
505 2163 528 2208 in
539 2169 672 2224 potestatem
683 2164 759 2226 populi
770 2163 824 2210 Ro-

150 2231 211 2276 mani
225 2229 322 2276 futuros.
346 2228 416 2284 Quod
430 2227 558 2290 priusquam
575 2228 643 2290 legati
658 2229 822 2284 renuntiarent,

150 2309 247 2355 aruspex
263 2293 401 2348 Veientium,
419 2309 432 2340 a
448 2293 518 2340 milite
534 2300 612 2339 nostro
622 2293 691 2356 (quic
705 2293 823 2340 domestici

150 2359 284 2420 interpretes
294 2357 396 2418 deerant)
412 2364 496 2420 raptus,
512 2359 569 2405 etin
580 2365 653 2404 castra
661 2358 768 2420 perlatus,
784 2357 824 2404 fu·

151 2429 227 2469 tunm
249 2423 343 2468 dixerat.
372 2423 438 2485 Ergo
458 2431 555 2477 senatus,
576 2422 658 2484 duplici
676 2423 825 2484 pradictione

151 2487 257 2542 monitus,
273 2487 352 2534 eodem
367 2503 432 2550 paene
445 2495 546 2552 tempore
559 2495 582 2534 et
593 2487 696 2550 religioni
707 2487 787 2550 paruit,
800 2495 826 2535 et

150 2552 248 2598 hostium
260 2553 314 2599 urbe
324 2553 408 2614 potitus
419 2560 460 2600 est.

95 2643 98 2650 .
183 2615 233 2680 (4.)
251 2617 303 2666 Nec
318 2634 396 2682 purum
412 2619 512 2684 prosperi
527 2618 644 2668 successim
659 2625 701 2674 est,
713 2617 775 2680 quod
786 2633 824 2665 se-
