1870 2990
2 201 4 234 l

2 307 5 386 l

84 101 86 115 ¹
145 161 147 164 -
191 139 421 197 var-,ussum
437 141 552 199 sarx.
570 141 631 195 cu.
644 147 665 194 z.
713 151 764 196 ser.

227 275 250 318 2.
268 270 301 326 Q,
314 271 448 334 Pompeium
459 273 580 322 consulem.
591 253 605 314 '-

229 340 253 382 8.
269 334 298 385 C·
310 335 436 384 Carbonem
446 337 554 400 legatum.
700 345 703 349 ’

134 461 188 518 Sed,
199 469 225 510 ut
233 463 339 511 violente
347 464 468 520 seditionis,
478 472 523 512 tarn
532 471 617 528 togate
624 479 691 527 quam
699 465 766 514 etiam

102 535 202 582 armatae
213 526 273 574 facta
282 527 414 583 referantur,

137 589 186 702 8¹1¹.)
203 590 233 638 L.
250 591 375 653 Equitium,
393 593 431 654 qui
448 609 473 640 se
486 591 524 640 'It
539 594 637 641 Gracchi
651 592 722 641 filium
737 594 768 640 si-

103 672 142 702 mu
163 657 209 710 bat,
225 655 404 718 triounatumque
417 657 524 704 adversus
536 658 600 720 leges
614 674 665 705 cum
683 658 712 705 L.
727 658 768 706 st-

104 721 196 766 turnino
211 721 306 782 petebat,
323 737 338 767 a
357 719 385 770 C.
404 721 488 775 Mario,
505 722 609 783 quintum
627 723 768 770 consulatum

104 791 205 846 gerente,
228 784 252 830 iu
273 783 383 846 publicam
404 786 527 832 custodiam
545 786 643 838 ductum,
666 786 769 848 populus,

104 848 207 896 claustris
221 850 315 896 carceris
326 850 446 904 convulsis,
456 857 551 911 raptum,
565 850 664 897 humeris
674 851 720 898 suis
730 867 771 914 per

106 925 217 960 summam
228 913 353 960 animorum
365 914 500 960 alacritatem
510 915 615 975 portavit.

139 975 190 1040 (2.)
202 975 311 1038 Idemque
322 977 355 1032 Q.
362 978 483 1026 Metellum
493 993 616 1031 censorem,
628 979 688 1038 quod
698 979 725 1026 ab
735 996 771 1034 eo,

106 1048 220 1104 tamquam
236 1041 334 1090 Gracchi
348 1041 401 1096 filio,
418 1058 510 1090 censum
525 1043 622 1103 recipere
632 1043 728 1098 nolebat,
740 1045 774 1090 la-

106 1106 194 1168 pidibus
202 1112 342 1166 prosternere
350 1113 443 1154 conatus
454 1115 496 1160 est,
508 1106 654 1152 affirmantem
666 1113 711 1154 tres
723 1117 773 1154 tau·

107 1170 225 1216 tummodo
243 1169 301 1216 filios
318 1171 422 1218 Graccho
437 1170 552 1228 luisse;-e
567 1171 646 1231 quibus
662 1187 732 1217 unum
748 1173 772 1218 in

108 1231 211 1282 Sardinia
221 1235 329 1295 stipendia
338 1243 469 1290 merentem,
485 1235 579 1282 alterum
589 1234 696 1282 infantem
709 1235 773 1282 Prae-

107 1305 179 1353 neste,
196 1299 294 1353 tertium,
312 1306 363 1360 post
381 1300 450 1361 patris
469 1306 565 1345 mortem
584 1306 669 1352 natum,
689 1299 774 1346 Romae

107 1363 243 1420 decessisse3
255 1373 327 1423 neque
335 1371 438 1424 oportere
448 1363 576 1410 clarissimae
585 1362 676 1410 familiae
683 1364 774 1426 ignotas

107 1428 186 1474 sordes
196 1427 276 1474 inseri:
294 1442 347 1474 cum
357 1427 446 1474 interim
457 1427 581 1489 improvida
588 1429 706 1474 concitatae
716 1429 775 1475 mul-

108 1491 211 1538 titudinis
221 1492 341 1546 temeritas,
355 1507 396 1557 pro
406 1490 543 1554 impudentia
553 1498 576 1538 et
586 1489 684 1546 audaciis,
696 1493 776 1542 aduer-

110 1571 152 1606 sus
167 1556 306 1603 consulatum
323 1563 347 1603 et
362 1571 480 1604 censuram
498 1557 607 1614 tetendit3
623 1557 777 1621 principesque

109 1636 164 1667 suos
175 1621 237 1666 omni
247 1620 376 1682 petulantiae
386 1637 470 1683 genere
479 1621 577 1668 vexavit.

144 1684 194 1748 (8.)
211 1683 303 1731 Vesana
312 1685 361 1732 haec
372 1685 542 1742 tautummodo;
558 1686 597 1732 illa
606 1685 673 1733 etiam
684 1694 777 1734 cruenta

110 1749 199 1798 seditio·
229 1747 330 1811 Populus
348 1749 408 1794 enim
428 1747 458 1794 A.
477 1747 589 1794 Numium
608 1751 776 1811 competitorem

113 1813 235 1866 Saturnini,
253 1828 335 1859 novem
345 1813 394 1874 jam
409 1812 488 1859 creatis
503 1811 604 1865 tribunis,
621 1828 712 1874 unoque
725 1815 793 1864 loco,

112 1879 200 1926 duobus
210 1878 332 1924 candidatis
342 1883 447 1930 restante,
462 1875 486 1923 vi
500 1875 561 1938 prius
575 1876 599 1921 in
610 1876 670 1923 aedes
680 1878 778 1940 privatas
828 1915 831 1928 .

112 1942 236 2004 compulit;
253 1948 379 1989 extractum
390 1940 469 1988 deinde
478 1939 605 1997 interemit;
622 1947 655 1994 ut,
672 1942 734 1989 eaede
744 1943 780 1988 in-

114 2006 229 2070 tegerrimi
243 2006 305 2060 civis,
320 2005 415 2054 facultas
425 2004 572 2067 adipiscendae
582 2006 700 2066 potestatis
710 2013 780 2054 teter-

112 2073 171 2119 rimo
182 2071 226 2118 ciri
237 2071 333 2118 claretur.
680 2087 683 2094 ·

148 2133 198 2200 (4.)
225 2133 368 2184 Creditorum
386 2150 476 2196 quoque
493 2132 644 2182 consternatio
662 2135 780 2182 adversum

115 2199 244 2262 Sempronii
259 2199 388 2255 Asellionis,
403 2199 506 2263 praetoris
520 2198 604 2253 urbani,
620 2205 687 2260 caput
701 2199 783 2247 intole-

113 2265 179 2313 rabili
192 2264 260 2310 modo
276 2265 371 2310 exarsit:
390 2279 465 2326 quern,
483 2264 535 2325 quis
550 2277 640 2330 causam
656 2263 781 2310 debitorum

116 2326 783 2455 amissariishmstmiltrt

118 2460 179 2506 ribus
192 2456 272 2522 fugere
286 2463 351 2504 ernis
366 2455 441 2504 lorum
455 2465 564 2512 coactum,
582 2457 651 2521 inque
668 2455 784 2507 tabernut

115 2523 248 2578 mianton,
260 2527 418 2586 pretaxatam
428 2521 600 2584 useerpsennt
