1820 2982
191 167 223 218 96
283 157 765 216 VAL.MAXIM1'L1a111.csaai

189 295 332 345 msdnendm
346 307 411 343 maus
426 309 468 342 suo
482 294 562 356 vigore
571 300 726 356 provocarent.
752 286 854 342 Venera-
892 311 893 316 ¹

186 363 237 410 bilis
247 377 325 409 eorum
336 360 453 422 adspectus
463 360 535 420 primo
546 359 646 406 hostibus
656 359 705 412 fuit,
721 365 744 406 et
755 359 853 406 novitate
892 407 893 416 ,

187 428 227 480 rei,
245 433 268 472 et
282 421 447 488 magnificentii
461 423 541 477 cultile,
559 431 582 470 et
596 424 645 489 ipso
659 423 757 470 audaciae
771 438 853 486 genera
892 423 893 464 ἶ

188 491 314 538 commotis.
341 489 386 536 Sed
397 489 447 549 quis
458 490 574 542 dubitaret,
589 489 643 548 quin
657 495 681 534 et
693 488 761 541 Galli,
773 489 852 535 etvio-
892 503 893 536 ι

187 562 255 608 tores,
272 555 333 601 illam
347 553 515 600 admirationem
530 567 584 598 rnox
594 553 618 598 in
630 553 706 604 ristun,
718 559 741 598 et
753 553 776 598 iu
787 567 853 598 omne

187 620 331 666 contumeliae
341 633 420 680 genus,
433 617 563 664 conversuri
574 617 666 664 essent?
694 617 749 663 Non
761 631 851 680 exspec-

187 684 244 730 tavit
254 683 323 746 igitur
333 685 391 730 banc
400 683 488 746 injuriae
498 681 648 728 maturitatem
664 680 692 730 C.
705 683 803 740 Atilius;
813 697 852 728 ve·

188 764 238 795 rum
246 749 335 795 barbam
344 763 407 794 suam
418 747 564 808 pemrulcenti
575 747 643 794 Gallo
654 747 775 808 scipionem
785 748 851 794 vehe-

187 813 258 859 menti
269 813 315 860 ictu
326 813 391 875 capiti
402 812 491 866 inflixit,
503 812 574 872 eique,
585 818 675 873 propter
685 811 785 858 dolorem
793 811 822 858 ad
829 827 852 858 se

187 874 333 924 occidendum
341 879 421 931 ruenti,
431 877 531 938 cupidius
539 891 619 937 corpus
628 875 713 922 obtulit
734 873 791 937 Capi
798 891 851 938 ergo

187 943 259 990 virtus
277 943 362 990 nescit:
383 942 490 1004 patientia
507 941 603 987 dedecus
621 941 724 1002 ignorat:
743 940 850 987 Fortunae

187 1009 331 1055 succumbere
341 1007 427 1054 tristius
436 1007 497 1062 ducit
507 1005 567 1052 omni
575 1005 636 1052 fato:
650 1021 709 1052 nova
719 1012 743 1052 et
753 1007 850 1066 speciosa

129 1090 131 1094 ·
185 1089 270 1134 genera
285 1073 388 1120 interitus
403 1072 532 1135 excogitan
549 1071 567 1117 si
582 1070 698 1132 quisquam
713 1071 796 1126 interit,
814 1070 850 1132 qrri

186 1139 218 1184 sic
229 1139 387 1201 exstinguitur.
801 1187 804 1191 ,

219 1201 268 1267 (8.)
285 1202 423 1250 Reddendus
431 1209 466 1248 est
476 1217 536 1248 nuno
546 1200 659 1248 Romanae
665 1201 780 1263 juventuti
791 1201 849 1247 debi-

186 1273 223 1314 tus
234 1269 313 1329 gloriae
324 1269 410 1320 titulus,
422 1281 480 1326 quae,
494 1265 522 1314 C.
537 1265 669 1328 Sempronio
680 1266 786 1312 Atratino
797 1281 849 1312 cou-

185 1332 234 1378 sule
248 1347 300 1377 cum
314 1331 405 1378 Volscis
420 1331 478 1392 apud
492 1330 643 1392 Verruginem
658 1345 735 1391 parum
746 1345 848 1392 prospere

185 1396 311 1448 dimicante,
324 1395 421 1442 nescies
432 1402 510 1441 nostra
515 1397 563 1457 jam
571 1395 676 1441 inclinata
684 1395 847 1456 propelleretur,

185 1460 248 1520 cquis
264 1459 359 1520 delapsa,
380 1459 490 1519 seipsam
509 1460 648 1513 centuriauit,
668 1467 735 1520 atque
752 1460 847 1506 hostiurn

184 1523 307 1571 exercitum
318 1523 403 1584 irrupit.
431 1522 486 1576 Quo
496 1523 589 1578 dimoto,
600 1523 728 1586 proximum
740 1525 847 1571 tumulum
892 1581 893 1588 ἵ

185 1587 316 1648 occupavit3
328 1586 451 1647 effecitque,
463 1596 489 1634 ut
500 1589 572 1634 omnis
581 1589 717 1635 Volscorum
728 1589 752 1634 in
763 1604 788 1636 se
796 1605 848 1636 con·
892 1593 893 1612 ³

183 1667 263 1701 versus
281 1651 378 1713 impetus
396 1652 522 1714 legionibus
541 1654 624 1700 nostris
642 1654 670 1699 ad
685 1653 846 1700 continuandos

183 1717 270 1764 animos
279 1717 374 1763 salutare
384 1717 535 1769 laxamentum
546 1719 615 1766 daret.
642 1717 729 1778 Itaque,
742 1733 793 1764 curn
800 1720 845 1780 jam
892 1765 893 1784 ,

183 1783 211 1829 de
222 1782 312 1844 tropacis
327 1782 449 1828 statuendis
460 1782 591 1844 cogitarent,
605 1783 709 1844 proelium
719 1790 787 1830 nocte
797 1783 846 1830 diri·
892 1789 893 1838 j

182 1853 265 1902 mente,
283 1847 409 1895 victoresne
423 1862 452 1894 an
466 1847 519 1895 victi
533 1847 678 1902 discederent,
696 1847 776 1896 incerti
789 1849 845 1896 abie-
892 1909 893 1912 Ἴ

182 1919 243 1960 runt.

214 1975 264 2042 (9.)
283 1978 393 2026 Strenuus
408 1978 447 2024 ille
462 1993 552 2039 quoque
570 1976 613 2024 lios
630 1977 714 2025 ordinis
730 1977 842 2040 equestris,

146 2088 147 2092 ,
181 2039 244 2106 cujus
259 2042 316 2090 miri
329 2045 412 2090 virtute
427 2041 509 2088 Fabius
524 2042 640 2089 Maximus
654 2041 782 2097 Rullianus,
799 2058 844 2090 rna-

180 2108 251 2169 gister
265 2109 371 2168 equitum,
387 2107 446 2153 bello
460 2107 520 2169 quod
534 2108 640 2154 adversus
656 2108 767 2155 Samnites
782 2123 844 2170 gere·
892 2117 893 2136 ³

180 2173 251 2225 batur,
276 2173 335 2218 male
356 2171 469 2218 commissi
491 2172 563 2234 proelii
585 2173 677 2218 crimine
695 2173 783 2220 levatus
801 2179 840 2220 est.
892 2175 893 2186 ¹

180 2236 286 2296 Namque
297 2235 387 2298 Papirio
401 2235 500 2284 Cursore
513 2245 605 2298 propter
618 2237 715 2298 auspicia
729 2237 843 2298 repetenda
892 2277 893 2282 ,

178 2301 202 2346 in
216 2301 301 2346 Urbem
312 2301 472 2360 proficiscente,
485 2301 564 2348 castris
574 2303 715 2364 praepositus,
727 2303 843 2352 acvetitus

178 2365 203 2410 in
217 2364 287 2410 aciem
301 2366 425 2411 exercitum
440 2366 528 2421 ducere,
545 2367 693 2413 nihilominus.
703 2383 783 2414 manus
794 2383 841 2414 cum

177 2430 249 2479 hoste,
263 2428 301 2472 sed
312 2443 358 2474 non
370 2435 415 2476 tam
426 2429 521 2477 feliciter
531 2447 598 2492 quam
609 2439 700 2486 temere,
717 2433 839 2479 conseruit:

177 2491 255 2554 procul
263 2491 322 2542 enirn
334 2493 400 2538 dubio
411 2497 562 2555 superabatur.
583 2495 698 2553 Caeterum
710 2498 801 2558 optimae
810 2497 842 2543 in·
892 2495 893 2500 ’

177 2555 234 2601 dolis
240 2555 357 2616 juventus,
369 2557 474 2606 detractis
488 2575 596 2620 equorum
611 2560 688 2615 frenis,
702 2563 842 2609 vehementer
892 2583 893 2588 ¹

177 2635 216 2665 eos
227 2619 348 2666 calcaribus
362 2621 494 2678 stimulatos,
511 2625 533 2670 in
546 2626 651 2672 adversos
664 2627 775 2674 Samnites
790 2627 840 2689 egit,

175 2681 329 2744 obstinatique
339 2686 407 2733 animi
414 2684 555 2754 [praesentiri]
563 2697 674 2739 extortam
683 2693 785 2740 maurinus
793 2693 842 2740 hos·
