1820 2982
158 174 236 226 vm.
248 179 385 230 unsrun
402 179 455 230 ns
469 146 515 233 iv.
533 183 624 234 ems.
675 177 722 237 ιτς

337 351 450 398 Externa.

90 433 142 496 (1.)
161 433 242 489 Hiero,
255 436 445 496 Syracusanorum
456 454 503 494 rex,
516 441 590 490 sudu
601 445 669 501 clade,
682 448 726 510 qui
775 484 782 490 -

56 496 159 546 Romani
175 501 234 562 apud
247 500 407 549 Trasimenum
419 505 492 550 berun
505 515 571 554 erant
584 509 666 565 afflicti,
678 521 724 561 tre-

54 571 122 610 centa
136 565 207 611 millia
220 566 319 612 modium
334 568 409 622 tritici,
421 578 445 614 et
454 568 550 618 ducenta
559 573 628 621 millia
637 577 721 634 hordei,
758 591 763 606 “

53 629 150 688 curmae
165 629 259 676 ducenta
274 637 297 676 et
312 633 458 694 quadraginta
470 636 545 695 pondo
564 637 621 685 Urbi
638 652 723 692 nostrae

53 693 144 740 muneri
162 693 229 739 misit¹
254 693 336 756 Neque
351 697 443 758 ignarus
457 701 597 748 verecundiae
612 707 721 767 majorum

54 763 193 811 nostrorum,
209 773 239 804 ne
253 759 339 806 nollent
351 763 457 823 accipere,
473 763 497 809 in
512 765 610 813 habitum
627 770 650 814 id
666 771 722 820 Vre.

56 822 124 868 toriae
134 821 246 876 formavit,
258 831 284 870 ut
294 839 341 879 eos,
352 826 460 888 religione
474 837 556 883 motos,
572 833 724 885 munificentia

53 888 87 932 uti
103 894 209 947 cogeret3
226 885 342 935 voluntate
356 889 458 938 mittendi
471 894 539 954 prius,
551 895 632 942 iterum
646 904 722 960 provi.

53 948 131 998 denuit
142 952 235 998 cavendi
245 967 275 999 ne
285 955 440 1010 remitteretur,
452 956 554 1004 liberalis.

87 1013 140 1079 (2.)
153 1016 287 1076 Subnectam
298 1015 350 1064 huie
361 1019 537 1082 Agrigentinum
545 1021 646 1080 Gssllem,
656 1043 723 1088 quem

52 1079 218 1142 propemodum
228 1081 297 1144 ipsius
306 1083 443 1130 liberalitatis
453 1086 575 1146 praecordia
585 1097 673 1137 constet
684 1095 724 1142 ha.

52 1146 137 1192 buisse·
156 1143 215 1192 Erat
222 1146 299 1206 opibus
307 1148 426 1201 excellens,
438 1149 478 1194 sed
485 1149 557 1195 multo
564 1151 632 1198 etiam
640 1157 721 1213 animo,

53 1225 124 1270 quam
135 1207 217 1256 divitiis
227 1211 371 1272 locupletiorr
385 1227 516 1274 semperque
525 1214 549 1259 in
559 1217 672 1278 erogandi
682 1237 723 1282 po.

51 1275 98 1320 tius
107 1288 177 1334 quam
187 1273 210 1319 in
221 1273 371 1322 contrahendis
380 1274 474 1339 pecuniis
484 1286 619 1340 occupatum
631 1284 687 1330 adeo
698 1297 723 1336 ut

52 1340 136 1386 domus
147 1338 196 1400 qus
210 1339 272 1398 qussi
283 1341 384 1400 quedam
399 1341 660 1395 munificentiaeofficina
675 1365 723 1398 cre·

52 1405 152 1450 deretur.
179 1402 244 1450 Illinc
259 1405 319 1450 enim
333 1406 425 1467 publicis
437 1407 513 1454 usibus
523 1415 575 1470 apta
585 1413 723 1465 monimenta

50 1468 240 1516 exstruebantur:
257 1469 318 1514 illinc
336 1477 400 1532 grata
416 1471 491 1532 populi
510 1473 580 1520 oculis
597 1483 723 1538 spectacula

50 1534 189 1580 edebantur:
207 1532 271 1579 illinc
286 1535 399 1594 epularum
417 1537 531 1599 magnifici
548 1549 673 1601 apparatus,
691 1547 724 1594 h.

50 1598 266 1657 bentiqueannunae
277 1599 378 1653 subsidia
395 1601 527 1648 oriebantur.
554 1603 595 1659 Et,
611 1621 662 1654 cum
673 1611 723 1660 haec

51 1661 173 1714 ruriversis,
182 1662 285 1723 privatim
296 1662 400 1711 alimenta
410 1664 484 1726 inopiis
491 1667 648 1727 laborantibus,
658 1675 722 1724 dotes

48 1725 178 1789 virginibus
187 1733 316 1788 paupertate
329 1730 419 1790 pressis,
432 1729 528 1778 subsidia
537 1733 721 1788 detrimentorum

50 1794 146 1838 incursu
153 1792 269 1851 quusmtim
278 1794 433 1858 erogabantur.
453 1793 563 1856 Hospites
573 1813 662 1860 quoque
673 1810 721 1852 tum

50 1855 145 1904 urbanis
157 1856 280 1916 penalibus,
296 1861 344 1904 tum
356 1857 422 1904 etiam
433 1858 521 1904 rusticis
531 1861 597 1907 tectis
604 1863 722 1926 benignis.

51 1922 111 1968 sium
125 1921 220 1982 excepti,
236 1922 302 1968 variis
317 1922 445 1968 muneribus
460 1923 532 1969 ornati
547 1925 720 1978 dimittebantur.

51 1985 162 2040 Quodam
175 1999 230 2032 vero
244 1993 345 2048 ternpore
359 1987 494 2048 quingentos
509 1987 575 2036 simul
590 1990 723 2043 Gelursium

52 2049 149 2110 equites,
157 2050 181 2096 vi
189 2052 326 2112 tempestatis
334 2052 357 2097 in
365 2051 518 2113 possessiones
526 2068 577 2100 sues
585 2059 720 2116 compulsos,

51 2113 111 2160 aluit
120 2128 146 2160 ac
153 2115 251 2162 vmtivit.
271 2115 333 2169 Quid
340 2115 428 2163 multa?
439 2130 485 2162 non
493 2119 609 2164 mortalem
617 2121 720 2182 aliquem,

53 2179 95 2226 sed
110 2178 212 2240 propitios
227 2179 336 2227 Fortunae
349 2179 471 2241 benignum
483 2197 532 2228 esse
543 2183 626 2230 diceres
638 2186 719 2235 sinum.

53 2244 129 2306 Ergo,
146 2244 210 2303 quod
222 2243 303 2292 Gillias
316 2245 449 2308 possidebat,
458 2247 566 2293 ⁴omnium
582 2249 645 2308 quoti
661 2263 723 2298 com.

53 2323 124 2354 mune
140 2309 297 2370 patrimonium
312 2317 374 2358 erat:
393 2325 435 2372 pro
447 2313 513 2375 cujsrr
527 2313 598 2360 salute
612 2321 636 2361 ‘et
649 2315 722 2364 incre-

52 2372 144 2425 mentis,
161 2379 210 2420 turn
227 2373 379 2437 Agrigentina
392 2375 477 2430 civitas,
494 2378 626 2426 tumetium
641 2381 723 2432 vicinae

53 2438 159 2500 &lones
169 2438 228 2484 rotis
238 2439 382 2487 excubabant.
403 2437 496 2490 Colloce
506 2449 536 2508 etr
543 2443 653 2512 contrarii
661 2456 724 2508 parte
792 2441 794 2449 ¹

52 2517 117 2550 arcu
131 2501 301 2551 inexorabilibus
316 2506 416 2552 claustris
431 2507 555 2556 obseratas:
575 2525 650 2559 nonne
663 2529 722 2575 prae-

53 2567 185 2614 stantiorem
196 2569 307 2629 aliquanto
318 2569 432 2619 existimes
442 2571 502 2620 illam
513 2573 642 2638 impensam,
655 2593 721 2641 quem

52 2634 112 2680 lrune
122 2632 265 2681 custodium?
