1820 2982
83 247 85 252 ,
183 182 229 229 rso
286 171 514 226 vnuunrnrn
530 169 638 220 nuru.
655 167 723 222 cn.
737 172 760 219 s

155 314 157 320 '
185 311 215 357 tis
225 307 308 370 nuptiis
318 304 447 352 liberalitate
458 300 499 350 suri
508 301 645 359 vindicavit3
661 301 766 364 quoniam
775 307 849 366 puter..

185 390 223 421 nae
241 370 372 424 haereditati,
391 375 474 430 praeter
492 369 589 430 opimam
608 367 710 430 gloriam,
730 367 784 414 nihil
801 375 842 414 erat

186 438 246 501 quod
256 441 372 496 acceptum
383 432 498 479 referrent.

219 503 243 565 (ι
250 498 283 559 1.)
301 499 337 545 Μ.
351 506 426 544 autem
438 497 535 544 Scaurus
545 496 674 556 quantulam
685 511 698 543 a
708 504 770 559 patre
780 498 844 544 haere·

188 567 278 614 dilatem
290 563 406 624 acceperit,
418 562 441 606 in
451 563 524 623 primo
534 562 590 607 libro
602 577 686 616 eorum,
699 578 754 622 quos
766 562 793 608 de
805 558 854 613 vitri,

188 629 228 678 sud
239 628 333 690 scripsit,
352 627 435 676 refert.¹
450 627 491 672 Ait
502 627 561 672 enirn
573 626 613 672 sibi
624 626 700 672 decern
712 627 759 673 sola
769 627 848 672 manci-

186 697 229 757 pia,
242 701 358 752 totumque
369 705 460 738 censum
471 690 568 750 quinque
582 697 648 750 utque
658 691 750 752 triginta
759 691 847 738 millium

187 757 305 808 nummrirn
317 757 425 803 relictum.
452 753 481 800 In
498 756 539 800 hac
550 755 587 800 ille
602 753 701 816 pecuniis,
718 754 807 803 futurus
817 771 855 802 se.

187 824 253 870 natis
264 822 376 884 princeps,
387 819 484 866 nutritus
496 826 530 866 est
541 820 638 881 spiritus.

222 885 283 933 Haec
293 887 363 948 igitur
374 884 476 945 exempla
486 884 601 944 respicere,
619 884 654 930 his
668 884 807 945 acquiescere
816 901 851 932 so-

187 953 247 999 latiis
257 952 370 1004 debemus,
382 949 420 1009 qui
430 949 535 1010 parvulos
551 962 631 994 census
641 956 731 995 nostros
741 964 853 1010 nunquam

187 1017 283 1079 querelis
293 1030 376 1062 vacuos
386 1029 436 1060 esse
447 1013 547 1058 sinimus.
572 1011 675 1067 Nullum,
687 1020 726 1060 aut
735 1013 852 1060 admodum

187 1083 250 1145 parvi
260 1080 372 1143 ponderis,
389 1084 522 1140 argentum„
532 1091 616 1138 paucos
626 1091 711 1131 servos,
723 1085 806 1140 septem
813 1081 858 1141 ju·.

186 1162 242 1210 gera
252 1147 320 1194 an'dae
335 1152 409 1196 terrm,
429 1142 552 1203 indigentia
568 1139 689 1188 domestici
703 1141 803 1204 impensi
814 1143 854 1190 fu.

187 1227 248 1264 nera,
265 1211 344 1271 inopes
360 1209 437 1254 dotum
447 1205 519 1264 filias3
538 1205 578 1252 sed
596 1205 700 1268 egregios
716 1208 852 1263 consulatus,

187 1275 291 1322 mirificas
307 1275 433 1325 dictaturas,
453 1271 623 1318 innumerabiles
634 1271 763 1332 triumphos,
780 1275 855 1318 cerni.

187 1355 245 1386 rnus.
266 1338 327 1392 Quid
338 1353 393 1398 ergo
404 1336 499 1382 mediam
509 1335 628 1387 fortunam,
642 1335 705 1395 quasi
715 1336 854 1397 praecipuum

135 1430 140 1436 -
188 1402 277 1466 generis
287 1401 378 1448 humani
387 1401 477 1452 malum,
487 1399 596 1445 diuturnis
604 1399 856 1449 conviciislaeeramus?

186 1462 736 1588 ursinenuticusunus

221 1563 227 1584 1
347 1560 353 1582 l
481 1560 487 1582 l

187 1596 265 1656 hisque
280 1593 343 1654 peria
358 1593 437 1638 robora
447 1593 542 1647 virtutis,
560 1591 621 1638 aluit.
646 1549 856 1659 Exsurgsmuspd'.

186 1661 231 1706 tius
242 1658 327 1711 animis,
344 1657 490 1719 pecuniaeque
505 1658 611 1718 adspectu
626 1656 748 1704 debilitatos
764 1661 856 1721 spiritus

186 1719 396 1786 pristini'temporis
411 1721 519 1768 memorii
534 1735 665 1768 recreemus.
691 1721 802 1782 Namque
818 1743 855 1788 per

187 1788 279 1836 Romuli
292 1803 373 1840 casam,
384 1802 469 1848 perque
478 1787 560 1834 veteris
572 1784 677 1848 Capitolii
687 1787 779 1834 humilia
787 1797 853 1844 tecta,

187 1861 211 1900 et
222 1861 318 1900 aeternos
333 1850 413 1898 Vestoe
428 1851 498 1905 iocos,
516 1851 702 1897 fictilibusetiam
717 1865 778 1898 nune
795 1857 855 1902 vasis

187 1926 312 1971 contentos,
326 1919 386 1980 juro,
404 1916 476 1962 nullas
492 1915 580 1962 divitias
595 1912 673 1962 lolium
683 1915 782 1963 virorum
798 1933 855 1982 pau.

188 1984 268 2047 pertati
279 1997 345 2046 posse
355 1979 462 2044 praeferri.
891 2003 892 2010 κ

343 2299 403 2351 Car.
420 2299 535 2352 V.-De
550 2301 701 2352 Verecundid.

189 2429 211 2474 l.
228 2389 426 2487 i’opuliRomani.
539 2433 563 2480 5.
590 2429 618 2482 C·
641 2432 742 2498 Pompeii
772 2434 854 2502 Mrgni

187 2494 210 2534 2.
227 2489 256 2536 C.
269 2490 323 2536 Ter.
337 2492 447 2540 Varronis
457 2511 504 2543 cos.
636 2515 723 2560 procos.

187 2557 211 2598 3.
227 2551 256 2599 C.
271 2551 365 2602 Cicereii
377 2559 494 2606 candidati.
538 2567 562 2610 6.
580 2561 609 2612 C.
621 2563 677 2612 Julii
694 2564 794 2616 Caesaris
813 2569 853 2615 dio-

186 2620 209 2663 4.
227 2616 257 2663 L.
265 2616 437 2730 Lglcppitiipceosi
452 2640 506 2672 cun·
635 2630 720 2678 tatoris·
