1828 2982
160 159 236 214 ‘188
300 161 526 214 anMnxltn
543 161 638 212 nnn.
653 161 745 214 ΟΜ.

189 295 269 344 Arium
287 295 370 360 populo
388 293 496 343 Ronsnc
511 293 603 358 legsvit.
631 291 711 356 Itsque
728 307 771 342 nec
788 294 858 358 liujus

188 360 347 414 munificentie,
363 373 405 408 neo
420 361 479 408 illius
493 367 541 408 tum
552 373 640 408 mernor
647 359 747 408 beneiimi
757 361 855 415 suimus

188 433 223 474 tot
239 425 312 472 verbis
325 424 411 472 lsudsri
427 431 509 486 potest,
527 431 583 536 ppot
599 424 740 486 amplissimos
752 424 856 472 civitrtes

187 491 225 538 rel
236 490 307 538 emico
317 489 383 544 dstae,
395 489 432 536 vel
443 490 479 550 pie
489 489 528 536 red
543 490 581 536 'te
592 496 651 535 sunt.

221 553 267 614 (4.)
285 551 400 602 Creterum
412 554 488 601 nescio
498 569 527 600 sn
537 555 649 616 praecipue
656 551 785 601 Mssinissae
795 555 856 616 regis

187 626 267 684 pectus
279 619 338 680 grati
349 619 417 665 enimi
427 619 558 681 pignoribus
567 618 635 665 fuerit
645 618 757 665 refertum.
781 618 857 665 Bene-

187 683 243 732 ficio·
250 685 309 730 enim
318 683 428 745 Scipionis
436 693 579 746 etpersussu,
591 684 654 746 regni
665 682 732 730 modo
743 681 856 748 [liberius]

188 755 276 802 suctus,
292 748 422 796 memoriam
436 749 514 810 inclyti
529 749 628 795 muneris
642 748 670 796 sd
685 748 788 794 ultimum
803 748 856 794 vitus

189 813 266 868 lina,
277 813 347 876 longi
357 813 425 860 etism
436 828 450 860 e
460 813 514 860 Diis
523 813 684 860 immortalibus
694 819 810 866 senectute
816 813 856 858 do-

187 887 261 932 notus,
274 875 454 926 constantissimi
463 877 508 925 fide
517 877 635 940 perduxit3
648 878 703 925 adeo
713 885 740 923 nt
749 893 802 924 eum
810 893 855 924 nun

188 945 262 990 solnm
277 943 361 998 Africa,
379 943 418 991 sed
433 943 499 990 etium
515 950 604 990 cuncte
616 950 697 1004 gentes
707 943 790 989 scirent
801 944 856 990 uni·

188 1009 271 1056 ciorenr
284 1006 397 1056 Corneliae
410 1007 509 1061 semiliae,
524 1015 592 1068 utque
602 1009 650 1054 urbi
662 1007 779 1060 Romnnae,
791 1023 856 1068 quum

187 1069 276 1120 sibimet
286 1074 335 1136 ipsi,
348 1087 435 1135 semper
445 1072 521 1119 fuisse.
541 1071 590 1126 Ille,
603 1087 654 1118 cum
665 1073 729 1134 grsvi
738 1070 857 1134 Contegi-

188 1139 300 1186 niensium
310 1139 369 1185 bello
379 1145 524 1200 premeretur,
538 1152 564 1184 no
577 1138 618 1183 vix
632 1139 709 1184 tutele
722 1137 808 1198 imperii
824 1138 856 1183 sui

189 1203 308 1258 sufficeret,
320 1211 396 1250 tumen
408 1202 507 1264 Scipioni
515 1201 646 1255 AEmilieno,
658 1202 708 1263 quis
716 1217 787 1263 nepos
796 1201 856 1248 Airi-

188 1269 238 1315 cuni
250 1275 304 1321 emt,
316 1269 398 1315 bonnm
409 1281 559 1330 msgnsmque
569 1274 655 1330 purtem
667 1266 784 1313 Numidici
794 1281 856 1314 exer-

189 1333 255 1385 citds,
268 1349 335 1395 quern
347 1331 443 1380 Lucullo
455 1333 540 1378 consuli
553 1332 579 1394 (s
586 1347 631 1392 quo
639 1332 667 1377 sd
675 1332 757 1378 suxilin
763 1332 856 1394 petendu

188 1398 271 1443 missus
288 1395 374 1458 lueret)
394 1398 418 1443 in
438 1397 572 1459 Hispaniam
590 1397 688 1450 duceret,
708 1395 856 1458 promtissimi
898 1393 899 1426 t

111 1505 116 1518 ,
189 1469 266 1508 mente
277 1461 381 1519 tmdidit3
397 1463 547 1524 praesentique
557 1461 655 1524 periculo
666 1468 792 1522 respectum
804 1462 856 1523 pn's-

189 1526 230 1570 tini
246 1525 347 1572 beneficii
363 1527 497 1588 anteposuit.
524 1525 574 1580 Ille,
591 1541 651 1580 cum,
664 1526 713 1587 jum
730 1525 856 1573 aetsteddi·

190 1590 271 1642 ciente,
285 1605 380 1651 mmm
396 1593 459 1652 regni
474 1606 535 1653 opes,
551 1599 647 1652 quatuor
662 1600 686 1637 et
699 1591 858 1654 quinquagintu

189 1653 287 1700 liliorum
306 1669 424 1700 numerum
443 1656 578 1716 relinquens,
597 1655 622 1700 in
640 1655 723 1702 lectulo
742 1655 856 1708 lnberebrr,
897 1703 898 1710 ἵ

189 1719 228 1766 Μ.
240 1718 360 1772 Manlium,
373 1720 411 1780 qui
425 1735 466 1782 pro
479 1721 572 1767 consule
584 1718 685 1766 Africam
700 1720 821 1774 obtinebat,
832 1720 856 1766 li-

189 1785 244 1831 teris
255 1783 386 1838 obsecravit,
398 1791 424 1831 ut
435 1785 464 1831 sd
474 1799 499 1832 se
511 1785 638 1848 Scipionem
651 1785 809 1840 AEmilienum,
821 1786 858 1832 nub

99 1876 103 1884 ·
189 1849 685 1908 eotuncmilitsntem,mitteret;feliciorem
693 1857 857 1898 mortemsuu
896 1903 897 1906 Ἴ

189 1914 289 1962 futurum
300 1921 368 1969 retus,
382 1915 400 1962 si
411 1915 435 1960 in
446 1915 565 1977 complexu
575 1916 661 1962 dextrae
671 1916 719 1978 ejus
732 1929 858 1978 supremum
896 1915 897 1928 ³

189 1981 293 2044 spiritum
306 1995 332 2028 sc
346 1980 452 2028 mandris
464 1981 583 2042 posuisset.
610 1979 659 2034 Ille,
675 1980 799 2027 adventum
815 1981 859 2028 So-

188 2045 264 2108 pionis
274 2045 326 2093 lntis
337 2046 383 2092 suis
393 2046 588 2108 praecurrentibus,
599 2046 649 2092 brec
659 2045 732 2098 uxori,
745 2045 860 2106 liberisque

190 2118 327 2173 praeceperst
335 2127 343 2167 ς
365 2118 381 2140 “
392 2125 462 2157 unum
478 2110 502 2156 in
517 2111 583 2156 terris
598 2110 706 2172 populum
723 2109 858 2164 Romamn,

190 2183 214 2222 et
225 2189 292 2221 unam
303 2175 327 2220 in
338 2176 421 2236 populo
432 2175 538 2222 Romano
550 2175 660 2237 Scipionis
674 2175 768 2222 domum
780 2173 856 2224 nosse:

188 2239 279 2298 integre
297 2239 374 2284 omnin
390 2239 514 2286 AEmilisno
531 2255 659 2286 reservare:
681 2255 733 2286 eum
751 2240 859 2287 dividendi

190 2303 255 2361 regni
266 2303 373 2348 arbitrum
383 2304 506 2360 heberent;
524 2305 585 2364 quod
597 2305 616 2350 is
632 2305 755 2356 statuisset,
772 2305 859 2367 perinde

188 2377 216 2408 sc
227 2370 362 2412 testamento
373 2374 472 2420 cnutum,
483 2369 620 2414 immutabile
628 2383 653 2414 uc
662 2365 765 2415 ssnclum
777 2371 859 2416 obtine·
894 2411 895 2416 ,

190 2425 268 2498 rent.’'
294 2428 342 2474 Tot
352 2436 442 2490 tumque
453 2432 520 2478 vsriis
531 2433 596 2478 rebus
611 2447 635 2480 se
651 2432 774 2480 lilasinlme
788 2433 858 2479 inisti·
894 2427 895 2472 i

190 2488 258 2546 gubrli
268 2491 357 2548 pietatis
372 2496 430 2539 serie
445 2495 474 2540 ad
488 2497 636 2542 centesimum
650 2497 753 2543 extendit
768 2511 855 2544 unum.

191 2547 245 2600 His,
257 2560 281 2595 et
289 2553 369 2598 horum
377 2556 486 2604 similibus
494 2561 611 2623 exemplis,
620 2561 767 2608 beneficentio
773 2561 858 2624 generis

190 2611 281 2685 humeri
293 2616 392 2662 nutritur
402 2627 470 2680 utque
480 2633 583 2686 nugetur.
607 2625 655 2674 He
669 2633 722 2672 sunt
736 2627 786 2688 ejus
794 2626 857 2674 l'soet·

186 2674 213 2718 '¹¹¹
226 2676 317 2730 “mulis
331 2688 423 2742 propter
437 2699 495 2745 quos
504 2689 601 2750 juvandi
615 2699 638 2738 et
652 2691 766 2738 emerendi
780 2689 858 2752 cupidi·
