1820 2982
160 143 238 196 vul.
251 145 389 196 MAXIMI
405 145 459 194 Lm.
473 145 504 194 Vs
524 143 588 203 Cur,
600 149 622 192 l.
678 149 724 196 1⁷5

57 275 127 324 laudis
137 284 258 339 expetunt:
277 291 371 338 quarum
384 271 551 338 primainopid,
568 275 669 338 proxime
683 289 723 324 oe·

57 343 180 402 cupatione,
198 343 264 390 tertia
273 343 363 404 ancipiti
373 339 463 388 fortuni
472 347 597 403 praestatur.
620 340 725 402 Cumque

57 407 143 453 nescias
156 422 224 468 quam
241 407 339 453 maxime
351 407 438 468 probes,
455 407 504 468 ejus
520 412 595 452 tamen
610 421 725 452 commen·
742 433 744 437 >

58 471 116 516 datio
127 487 264 532 praecurrere
274 472 368 526 videtur,
381 471 417 518 cui
429 485 511 518 nomeu
525 485 555 518 ex
568 471 617 532 ipso
632 473 725 518 numine

57 536 176 595 quaesitum
188 543 230 582 est.
356 535 367 556 ⁹
546 579 550 588 ,
608 558 611 566 =

88 597 138 663 (l.)
151 600 212 647 Ante
223 601 299 648 omnia
308 607 383 648 autem
393 600 552 656 humanissime
562 607 586 647 et
596 601 724 648 elementis-

56 665 112 711 sima
120 665 209 712 senatis
217 673 267 712 aeta
274 665 381 712 referam:
392 666 437 726 qui,
445 681 496 712 cum
504 664 723 728 Carthaginiensium

56 729 125 790 legati
140 729 167 775 ad
184 731 284 792 captivos
302 731 441 777 redimendos
457 731 481 776 in
497 729 582 776 Urbem
600 732 723 787 venissent,

57 793 158 854 protinus
172 794 214 848 his,
227 793 289 840 nulld
299 793 393 856 peeumai
403 792 500 856 acceptia,
516 794 609 841 reddidit
618 797 723 857 juvenes,

58 873 174 904 numerum
192 859 260 906 dulim
278 860 371 905 millium
386 866 410 906 et
425 861 617 921 septingentorum
633 861 727 920 quadra-

56 923 121 984 ginta
132 922 199 969 trium
210 924 333 985 explentes.
351 923 438 971 Verum
450 931 537 970 tantum
549 923 646 969 hostium
661 940 726 970 exer-
742 951 745 956 ·

56 987 126 1034 citum
146 987 269 1043 dimissum,
290 995 374 1036 mutam
392 989 509 1050 pecuniam
529 994 671 1041 contemtum,
693 997 728 1036 tot

55 1051 150 1098 Punicis
167 1052 254 1114 injuriis
269 1054 358 1100 veniam
370 1051 451 1106 datam,
468 1052 529 1113 ipsos
546 1052 633 1112 legatos
650 1054 727 1100 obstu-

55 1116 132 1179 puisse
143 1117 243 1170 arbitror,
255 1133 282 1164 ae
293 1133 368 1164 secum
380 1117 477 1164 dixisse:
491 1123 508 1145 ‘⁸
519 1114 541 1162 Ο
552 1115 727 1164 munificentiam

54 1182 133 1244 gentis
147 1179 266 1235 Romanae,
278 1181 383 1229 Deorum
397 1180 529 1242 benignitati
542 1180 685 1239 aequandam!
705 1183 727 1230 0

54 1247 124 1292 etiam
136 1253 235 1292 nostram
250 1246 386 1308 legationem
398 1259 464 1306 supra
478 1251 533 1291 vota
545 1243 647 1292 felicem!
665 1261 726 1302 nam,
747 1293 750 1298 ,

55 1310 117 1372 quod
128 1309 260 1364 beneficium
272 1325 385 1372 nunquam
397 1309 541 1362 dedissemus,
553 1309 704 1370 accepimus.''

88 1374 151 1421 Illud
161 1390 250 1434 quoque
261 1389 307 1420 uon
321 1389 415 1437 parvum
429 1374 573 1421 humanitatis
588 1375 678 1422 seuatlls
692 1377 728 1422 in-

53 1439 140 1486 dicium
147 1447 189 1486 est.
205 1440 330 1501 Syphacem
339 1441 406 1493 enim,
416 1439 526 1500 quondam
535 1439 728 1501 opulentissimum

53 1503 174 1551 Numidiae
191 1520 276 1566 regem,
292 1505 404 1566 captivum
419 1504 442 1550 in
457 1503 558 1552 eustodid
572 1503 651 1552 Tiburi
665 1523 727 1553 mor-

51 1579 128 1622 tuum,
141 1569 229 1630 publico
239 1567 318 1616 funere
326 1569 413 1616 censuit
420 1568 563 1622 efferendum,
573 1577 599 1616 ut
606 1570 729 1618 vitaedono

50 1635 166 1682 honorem
177 1633 297 1696 sepulturae
307 1635 417 1697 adjiceret
438 1633 600 1694 consimilique
611 1635 729 1683 clementii

51 1701 77 1746 in
91 1697 164 1746 Perse
174 1714 229 1746 usus
239 1705 287 1746 est:
306 1714 367 1752 nem,
381 1715 433 1744 oum
446 1698 517 1752 Albae,
530 1700 553 1744 in
565 1695 609 1758 qut
619 1701 729 1748 custodiae

51 1761 126 1812 murt
145 1763 257 1826 relegatus
276 1771 330 1818 erat,
351 1763 489 1815 decessisset,
508 1769 642 1822 quaestorem
658 1766 728 1818 misit,

51 1829 96 1892 qni
111 1843 165 1876 eum
179 1829 267 1890 publico
281 1827 360 1874 funere
374 1825 477 1884 efferrem
494 1840 524 1872 ne
538 1825 641 1885 reliquias
655 1829 729 1890 regias
740 1857 749 1866 --

45 1897 131 1959 jaucere
140 1892 285 1940 inhonoratas
295 1899 415 1956 pateretur.

89 1957 205 2006 Hostibus
216 1959 273 2012 baec,
285 1966 308 2006 et
318 1957 412 2010 miseris,
426 1963 449 2003 et
458 1954 505 2002 fato
515 1953 683 2002 iuuetisrofficia
693 1972 729 2003 re-

49 2025 124 2089 gibus
135 2031 240 2085 erogata:
254 2023 292 2070 ills
302 2023 386 2075 amieis,
398 2029 422 2068 et
431 2020 539 2074 felicibus,
551 2027 574 2066 et
582 2019 640 2066 vivis
648 2021 730 2068 tributa

50 2097 118 2138 eunt.
139 2087 250 2136 Confecto
262 2086 412 2135 Macedonico
426 2086 491 2140 bello,
504 2084 643 2138 Musicaues,
656 2083 730 2131 Masi-

49 2157 126 2204 niuae
134 2152 202 2208 iilius,
211 2169 263 2200 cum
274 2153 391 2214 equitibus,
403 2166 459 2212 quos
470 2151 493 2195 in
504 2148 632 2211 praesidium
643 2147 732 2196 Roma-

49 2235 141 2268 norum
152 2218 281 2271 adduxerat,
293 2218 320 2264 ab
331 2217 464 2278 imperatore
475 2213 547 2260 Paulo
558 2213 586 2259 ad
596 2220 683 2274 patrem
695 2229 731 2261 re-

48 2287 150 2337 missus,
166 2289 299 2345 tempestate
313 2283 383 2328 classe
394 2277 499 2342 dispersit,
512 2277 657 2326 Brundisium
669 2294 731 2340 aeger

49 2350 148 2398 delatus
158 2356 200 2395 est
225 2346 293 2401 Quod
304 2347 341 2393 ubi
349 2352 439 2392 senatus
448 2345 563 2406 cognovit,
575 2343 683 2392 continuo
693 2345 732 2392 illo

50 2421 197 2478 quaestorem
211 2413 244 2459 ire
251 2412 326 2476 jussit,
339 2411 402 2472 eujus
413 2405 467 2456 ouri
477 2416 500 2454 et
510 2409 632 2470 hospitium
643 2409 732 2456 adoles-

49 2479 119 2528 centi
131 2477 280 2540 expediretur,
293 2484 316 2523 et
324 2475 406 2528 omnia,
418 2489 469 2534 quae
480 2473 508 2520 ad
518 2474 668 2521 valetudinem
677 2491 733 2536 opus

49 2549 145 2597 essent,
156 2543 323 2604 praeberentur3
334 2541 485 2601 impensaeque
495 2539 613 2586 liberaliter
621 2555 673 2586 cum
682 2539 733 2601 ipsi,

49 2619 107 2658 uim
128 2608 173 2655 toti
193 2607 316 2658 comitatui,
337 2610 509 2666 praesnrentur3
534 2618 603 2652 naves
622 2605 688 2651 etiam
708 2612 734 2650 ut

48 2673 249 2740 prpepioetentur,
264 2671 345 2734 quibus
363 2685 387 2718 ae
403 2669 460 2718 bene
467 2683 500 2778 pc
515 2676 565 2718 tuto
579 2684 631 2718 cum
647 2669 694 2722 suis
710 2669 734 2714 in

494 2747 507 2779 c
