<?xml version="1.0" encoding="UTF-8"?>
<!DOCTYPE html PUBLIC "-//W3C//DTD XHTML 1.0 Transitional//EN"
    "http://www.w3.org/TR/xhtml1/DTD/xhtml1-transitional.dtd">
<html xmlns="http://www.w3.org/1999/xhtml" xml:lang="en" lang="en">
 <head>
  <title>
</title>
<meta http-equiv="Content-Type" content="text/html;charset=utf-8" />
  <meta name='ocr-system' content='tesseract 3.04.00' />
  <meta name='ocr-capabilities' content='ocr_page ocr_carea ocr_par ocr_line ocrx_word'/>
</head>
<body>
  <div class='ocr_page' id='page_1' title='image "./valeriimaximifa00kappgoog_0034.png"; bbox 0 0 1842 2992; ppageno 0'>
   <div class='ocr_carea' id='block_1_1' title="bbox 129 117 830 390">
    <p class='ocr_par' dir='ltr' id='par_1_1' title="bbox 129 117 830 390">
     <span class='ocr_line' id='line_1_1' title="bbox 241 117 830 202; baseline 0.008 -6"><span class='ocrx_word' id='word_1_1' title='bbox 241 147 578 201; x_wconf 67' lang='lat' dir='ltr'><strong>vsusssxmrnr.</strong></span> <span class='ocrx_word' id='word_1_2' title='bbox 597 149 695 200; x_wconf 62' lang='lat' dir='ltr'><strong>cana</strong></span> <span class='ocrx_word' id='word_1_3' title='bbox 771 117 830 202; x_wconf 44' lang='lat' dir='ltr'><strong>arw</strong></span> 
     </span>
     <span class='ocr_line' id='line_1_2' title="bbox 129 234 806 390; baseline 0.006 -64"><span class='ocrx_word' id='word_1_4' title='bbox 129 234 806 390; x_wconf 49' lang='lat' dir='ltr'><strong>fflmffldsmmadosblautaurbbndais</strong></span> 
     </span>
    </p>
   </div>
   <div class='ocr_carea' id='block_1_2' title="bbox 130 405 805 732">
    <p class='ocr_par' dir='ltr' id='par_1_2' title="bbox 130 405 805 732">
     <span class='ocr_line' id='line_1_3' title="bbox 165 405 804 470; baseline 0.011 -18"><span class='ocrx_word' id='word_1_5' title='bbox 165 405 217 470; x_wconf 68' lang='lat' dir='ltr'><strong>(a.)</strong></span> <span class='ocrx_word' id='word_1_6' title='bbox 233 405 313 469; x_wconf 63' lang='lat' dir='ltr'><strong>urps.</strong></span> <span class='ocrx_word' id='word_1_7' title='bbox 326 413 374 456; x_wconf 86' lang='lat' dir='ltr'><strong>tam</strong></span> <span class='ocrx_word' id='word_1_8' title='bbox 387 407 489 469; x_wconf 80' lang='lat' dir='ltr'><strong>praeclari</strong></span> <span class='ocrx_word' id='word_1_9' title='bbox 503 407 576 470; x_wconf 80' lang='lat' dir='ltr'><strong>operis</strong></span> <span class='ocrx_word' id='word_1_10' title='bbox 591 416 670 459; x_wconf 83' lang='lat' dir='ltr'><strong>auctor</strong></span> <span class='ocrx_word' id='word_1_11' title='bbox 687 407 804 466; x_wconf 83' lang='lat' dir='ltr'><strong>Camillus,</strong></span> 
     </span>
     <span class='ocr_line' id='line_1_4' title="bbox 130 473 805 532; baseline 0.01 -15"><span class='ocrx_word' id='word_1_12' title='bbox 130 487 184 520; x_wconf 73' lang='lat' dir='ltr'><strong>mm</strong></span> <span class='ocrx_word' id='word_1_13' title='bbox 194 478 255 518; x_wconf 77' lang='lat' dir='ltr'><strong>esset</strong></span> <span class='ocrx_word' id='word_1_14' title='bbox 264 479 375 532; x_wconf 73' lang='lat' dir='ltr'><strong>precatus,</strong></span> <span class='ocrx_word' id='word_1_15' title='bbox 390 478 423 524; x_wconf 83' lang='lat' dir='ltr'><strong>ut,</strong></span> <span class='ocrx_word' id='word_1_16' title='bbox 441 473 459 518; x_wconf 86' lang='lat' dir='ltr'><strong>si</strong></span> <span class='ocrx_word' id='word_1_17' title='bbox 470 473 506 518; x_wconf 85' lang='lat' dir='ltr'><strong>cui</strong></span> <span class='ocrx_word' id='word_1_18' title='bbox 517 473 625 521; x_wconf 79' lang='lat' dir='ltr'>Deorum.</span> <span class='ocrx_word' id='word_1_19' title='bbox 632 475 700 524; x_wconf 81' lang='lat' dir='ltr'><strong>nimia</strong></span> <span class='ocrx_word' id='word_1_20' title='bbox 709 473 805 524; x_wconf 79' lang='lat' dir='ltr'><strong>felicitas</strong></span> 
     </span>
     <span class='ocr_line' id='line_1_5' title="bbox 130 535 804 602; baseline 0.01 -21"><span class='ocrx_word' id='word_1_21' title='bbox 130 537 207 600; x_wconf 78' lang='lat' dir='ltr'><strong>papuli</strong></span> <span class='ocrx_word' id='word_1_22' title='bbox 225 535 324 584; x_wconf 85' lang='lat' dir='ltr'><strong>Romani</strong></span> <span class='ocrx_word' id='word_1_23' title='bbox 339 536 460 590; x_wconf 85' lang='lat' dir='ltr'><strong>videretur,</strong></span> <span class='ocrx_word' id='word_1_24' title='bbox 477 539 526 600; x_wconf 84' lang='lat' dir='ltr'><strong>ejus</strong></span> <span class='ocrx_word' id='word_1_25' title='bbox 535 538 619 586; x_wconf 82' lang='lat' dir='ltr'><strong>invidia</strong></span> <span class='ocrx_word' id='word_1_26' title='bbox 631 553 672 588; x_wconf 86' lang='lat' dir='ltr'><strong>suo</strong></span> <span class='ocrx_word' id='word_1_27' title='bbox 683 539 757 602; x_wconf 82' lang='lat' dir='ltr'><strong>aliquo</strong></span> <span class='ocrx_word' id='word_1_28' title='bbox 768 541 804 588; x_wconf 78' lang='lat' dir='ltr'><strong>iu·</strong></span> 
     </span>
     <span class='ocr_line' id='line_1_6' title="bbox 130 601 803 666; baseline 0.007 -18"><span class='ocrx_word' id='word_1_29' title='bbox 130 601 251 648; x_wconf 78' lang='lat' dir='ltr'><strong>commodo</strong></span> <span class='ocrx_word' id='word_1_30' title='bbox 262 603 385 655; x_wconf 80' lang='lat' dir='ltr'><strong>satiaretur,</strong></span> <span class='ocrx_word' id='word_1_31' title='bbox 398 602 470 648; x_wconf 81' lang='lat' dir='ltr'><strong>subito</strong></span> <span class='ocrx_word' id='word_1_32' title='bbox 480 603 544 665; x_wconf 86' lang='lat' dir='ltr'><strong>lapsu</strong></span> <span class='ocrx_word' id='word_1_33' title='bbox 554 603 649 652; x_wconf 76' lang='lat' dir='ltr'><strong>desidits</strong></span> <span class='ocrx_word' id='word_1_34' title='bbox 667 605 726 666; x_wconf 91' lang='lat' dir='ltr'><strong>quod</strong></span> <span class='ocrx_word' id='word_1_35' title='bbox 735 620 803 652; x_wconf 89' lang='lat' dir='ltr'><strong>omen</strong></span> 
     </span>
     <span class='ocr_line' id='line_1_7' title="bbox 130 663 802 732; baseline 0.009 -20"><span class='ocrx_word' id='word_1_36' title='bbox 130 667 159 713; x_wconf 82' lang='lat' dir='ltr'><strong>ad</strong></span> <span class='ocrx_word' id='word_1_37' title='bbox 167 666 339 719; x_wconf 81' lang='lat' dir='ltr'><strong>damnationem,</strong></span> <span class='ocrx_word' id='word_1_38' title='bbox 352 663 396 726; x_wconf 81' lang='lat' dir='ltr'><strong>qud</strong></span> <span class='ocrx_word' id='word_1_39' title='bbox 403 674 481 728; x_wconf 84' lang='lat' dir='ltr'><strong>postea</strong></span> <span class='ocrx_word' id='word_1_40' title='bbox 489 683 608 730; x_wconf 86' lang='lat' dir='ltr'><strong>oppressus</strong></span> <span class='ocrx_word' id='word_1_41' title='bbox 616 676 659 724; x_wconf 85' lang='lat' dir='ltr'><strong>est,</strong></span> <span class='ocrx_word' id='word_1_42' title='bbox 668 670 802 732; x_wconf 72' lang='lat' dir='ltr'>pertinuisse</span> 
     </span>
    </p>
   </div>
   <div class='ocr_carea' id='block_1_3' title="bbox 67 730 831 2736">
    <p class='ocr_par' dir='ltr' id='par_1_3' title="bbox 130 730 802 790">
     <span class='ocr_line' id='line_1_8' title="bbox 130 730 802 790; baseline 0.007 -12"><span class='ocrx_word' id='word_1_43' title='bbox 130 731 205 778; x_wconf 74' lang='lat' dir='ltr'><strong>risum</strong></span> <span class='ocrx_word' id='word_1_44' title='bbox 215 736 258 778; x_wconf 64' lang='lat' dir='ltr'><strong>sata</strong></span> <span class='ocrx_word' id='word_1_45' title='bbox 284 730 370 778; x_wconf 75' lang='lat' dir='ltr'><strong>Merito</strong></span> <span class='ocrx_word' id='word_1_46' title='bbox 380 738 462 787; x_wconf 83' lang='lat' dir='ltr'><strong>autem,</strong></span> <span class='ocrx_word' id='word_1_47' title='bbox 479 733 507 781; x_wconf 87' lang='lat' dir='ltr'><strong>de</strong></span> <span class='ocrx_word' id='word_1_48' title='bbox 517 733 584 781; x_wconf 85' lang='lat' dir='ltr'><strong>laude</strong></span> <span class='ocrx_word' id='word_1_49' title='bbox 593 735 652 782; x_wconf 84' lang='lat' dir='ltr'><strong>inter</strong></span> <span class='ocrx_word' id='word_1_50' title='bbox 663 749 694 790; x_wconf 85' lang='lat' dir='ltr'><strong>se,</strong></span> <span class='ocrx_word' id='word_1_51' title='bbox 707 735 802 782; x_wconf 75' lang='lat' dir='ltr'><strong>victoris</strong></span> 
     </span>
    </p>

    <p class='ocr_par' dir='ltr' id='par_1_4' title="bbox 130 795 801 860">
     <span class='ocr_line' id='line_1_9' title="bbox 130 795 801 860; baseline 0.006 -18"><span class='ocrx_word' id='word_1_52' title='bbox 130 803 153 842; x_wconf 87' lang='lat' dir='ltr'><strong>et</strong></span> <span class='ocrx_word' id='word_1_53' title='bbox 171 795 209 857; x_wconf 80' lang='lat' dir='ltr'><strong>pia</strong></span> <span class='ocrx_word' id='word_1_54' title='bbox 225 797 324 856; x_wconf 83' lang='lat' dir='ltr'><strong>precatio</strong></span> <span class='ocrx_word' id='word_1_55' title='bbox 342 797 472 860; x_wconf 83' lang='lat' dir='ltr'><strong>amplissimi</strong></span> <span class='ocrx_word' id='word_1_56' title='bbox 491 798 534 845; x_wconf 85' lang='lat' dir='ltr'><strong>viri</strong></span> <span class='ocrx_word' id='word_1_57' title='bbox 553 805 709 847; x_wconf 84' lang='lat' dir='ltr'><strong>certaverunt:</strong></span> <span class='ocrx_word' id='word_1_58' title='bbox 734 815 801 860; x_wconf 86' lang='lat' dir='ltr'><strong>ssqus</strong></span> 
     </span>
    </p>

    <p class='ocr_par' dir='ltr' id='par_1_5' title="bbox 67 860 801 974">
     <span class='ocr_line' id='line_1_10' title="bbox 129 860 801 927; baseline 0.006 -19"><span class='ocrx_word' id='word_1_59' title='bbox 129 861 190 908; x_wconf 83' lang='lat' dir='ltr'><strong>euim</strong></span> <span class='ocrx_word' id='word_1_60' title='bbox 203 860 292 906; x_wconf 83' lang='lat' dir='ltr'><strong>virtutis</strong></span> <span class='ocrx_word' id='word_1_61' title='bbox 308 867 344 908; x_wconf 89' lang='lat' dir='ltr'><strong>est</strong></span> <span class='ocrx_word' id='word_1_62' title='bbox 359 868 382 908; x_wconf 85' lang='lat' dir='ltr'><strong>et</strong></span> <span class='ocrx_word' id='word_1_63' title='bbox 396 863 456 911; x_wconf 83' lang='lat' dir='ltr'><strong>bona</strong></span> <span class='ocrx_word' id='word_1_64' title='bbox 470 863 549 927; x_wconf 82' lang='lat' dir='ltr'><strong>patrias</strong></span> <span class='ocrx_word' id='word_1_65' title='bbox 565 863 661 920; x_wconf 79' lang='lat' dir='ltr'><strong>suxisse,</strong></span> <span class='ocrx_word' id='word_1_66' title='bbox 674 872 698 912; x_wconf 84' lang='lat' dir='ltr'><strong>et</strong></span> <span class='ocrx_word' id='word_1_67' title='bbox 708 865 767 912; x_wconf 80' lang='lat' dir='ltr'><strong>mala</strong></span> <span class='ocrx_word' id='word_1_68' title='bbox 777 865 801 912; x_wconf 83' lang='lat' dir='ltr'><strong>iu</strong></span> 
     </span>
     <span class='ocr_line' id='line_1_11' title="bbox 67 924 401 974; baseline 0.006 -3"><span class='ocrx_word' id='word_1_69' title='bbox 67 959 68 966; x_wconf 18' lang='grc' dir='ltr'><strong>κ</strong></span> <span class='ocrx_word' id='word_1_70' title='bbox 118 941 155 972; x_wconf 76' lang='lat' dir='ltr'><strong>se</strong></span> <span class='ocrx_word' id='word_1_71' title='bbox 165 924 286 972; x_wconf 83' lang='lat' dir='ltr'><strong>transferre</strong></span> <span class='ocrx_word' id='word_1_72' title='bbox 295 925 401 974; x_wconf 84' lang='lat' dir='ltr'><strong>voluisse.</strong></span> 
     </span>
    </p>

    <p class='ocr_par' dir='ltr' id='par_1_6' title="bbox 125 987 831 1637">
     <span class='ocr_line' id='line_1_12' title="bbox 161 987 799 1052; baseline 0.011 -18"><span class='ocrx_word' id='word_1_73' title='bbox 161 987 212 1052; x_wconf 76' lang='lat' dir='ltr'><strong>(s.)</strong></span> <span class='ocrx_word' id='word_1_74' title='bbox 234 989 296 1044; x_wconf 85' lang='lat' dir='ltr'><strong>Quid</strong></span> <span class='ocrx_word' id='word_1_75' title='bbox 314 990 376 1045; x_wconf 80' lang='lat' dir='ltr'><strong>illud,</strong></span> <span class='ocrx_word' id='word_1_76' title='bbox 395 991 458 1052; x_wconf 91' lang='lat' dir='ltr'><strong>quod</strong></span> <span class='ocrx_word' id='word_1_77' title='bbox 473 990 503 1038; x_wconf 89' lang='lat' dir='ltr'><strong>L.</strong></span> <span class='ocrx_word' id='word_1_78' title='bbox 521 989 594 1040; x_wconf 87' lang='lat' dir='ltr'><strong>Paulo</strong></span> <span class='ocrx_word' id='word_1_79' title='bbox 611 992 698 1038; x_wconf 72' lang='lat' dir='ltr'><strong>canusii</strong></span> <span class='ocrx_word' id='word_1_80' title='bbox 714 993 799 1048; x_wconf 84' lang='lat' dir='ltr'><strong>evenit,</strong></span> 
     </span>
     <span class='ocr_line' id='line_1_13' title="bbox 127 1054 831 1116; baseline 0.003 -14"><span class='ocrx_word' id='word_1_81' title='bbox 127 1069 196 1116; x_wconf 84' lang='lat' dir='ltr'><strong>quam</strong></span> <span class='ocrx_word' id='word_1_82' title='bbox 207 1055 361 1104; x_wconf 79' lang='lat' dir='ltr'>memorabile!</span> <span class='ocrx_word' id='word_1_83' title='bbox 381 1054 442 1105; x_wconf 86' lang='lat' dir='ltr'><strong>Cum</strong></span> <span class='ocrx_word' id='word_1_84' title='bbox 450 1057 471 1104; x_wconf 91' lang='lat' dir='ltr'><strong>ei</strong></span> <span class='ocrx_word' id='word_1_85' title='bbox 480 1064 541 1103; x_wconf 82' lang='lat' dir='ltr'><strong>sorte</strong></span> <span class='ocrx_word' id='word_1_86' title='bbox 551 1056 669 1108; x_wconf 78' lang='lat' dir='ltr'><strong>evenisset,</strong></span> <span class='ocrx_word' id='word_1_87' title='bbox 682 1063 707 1102; x_wconf 91' lang='lat' dir='ltr'><strong>ut</strong></span> <span class='ocrx_word' id='word_1_88' title='bbox 715 1058 799 1104; x_wconf 88' lang='lat' dir='ltr'><strong>bellum</strong></span> <span class='ocrx_word' id='word_1_89' title='bbox 822 1073 831 1080; x_wconf 91' lang='lat'><strong>·</strong></span> 
     </span>
     <span class='ocr_line' id='line_1_14' title="bbox 127 1117 797 1182; baseline 0.003 -16"><span class='ocrx_word' id='word_1_90' title='bbox 127 1133 181 1166; x_wconf 80' lang='lat' dir='ltr'><strong>eum</strong></span> <span class='ocrx_word' id='word_1_91' title='bbox 192 1133 246 1181; x_wconf 83' lang='lat' dir='ltr'><strong>rege</strong></span> <span class='ocrx_word' id='word_1_92' title='bbox 255 1117 325 1167; x_wconf 84' lang='lat' dir='ltr'><strong>Perse</strong></span> <span class='ocrx_word' id='word_1_93' title='bbox 334 1128 428 1182; x_wconf 79' lang='lat' dir='ltr'><strong>gereret,</strong></span> <span class='ocrx_word' id='word_1_94' title='bbox 442 1128 466 1168; x_wconf 86' lang='lat' dir='ltr'><strong>et</strong></span> <span class='ocrx_word' id='word_1_95' title='bbox 477 1121 568 1168; x_wconf 92' lang='lat' dir='ltr'><strong>domum</strong></span> <span class='ocrx_word' id='word_1_96' title='bbox 579 1135 593 1168; x_wconf 87' lang='lat' dir='ltr'><strong>e</strong></span> <span class='ocrx_word' id='word_1_97' title='bbox 603 1117 664 1166; x_wconf 80' lang='lat' dir='ltr'><strong>curii</strong></span> <span class='ocrx_word' id='word_1_98' title='bbox 674 1135 797 1182; x_wconf 66' lang='lat' dir='ltr'><strong>regressam</strong></span> 
     </span>
     <span class='ocr_line' id='line_1_15' title="bbox 126 1183 800 1248; baseline 0.003 -18"><span class='ocrx_word' id='word_1_99' title='bbox 126 1183 219 1230; x_wconf 83' lang='lat' dir='ltr'><strong>filiolam</strong></span> <span class='ocrx_word' id='word_1_100' title='bbox 234 1199 300 1236; x_wconf 24' lang='lat' dir='ltr'><strong>suam,</strong></span> <span class='ocrx_word' id='word_1_101' title='bbox 311 1186 403 1232; x_wconf 86' lang='lat' dir='ltr'><strong>nomine</strong></span> <span class='ocrx_word' id='word_1_102' title='bbox 416 1184 525 1248; x_wconf 83' lang='lat' dir='ltr'><strong>Tertiam,</strong></span> <span class='ocrx_word' id='word_1_103' title='bbox 542 1191 651 1246; x_wconf 78' lang='lat' dir='ltr'><strong>questum</strong></span> <span class='ocrx_word' id='word_1_104' title='bbox 663 1191 711 1231; x_wconf 84' lang='lat' dir='ltr'><strong>erat</strong></span> <span class='ocrx_word' id='word_1_105' title='bbox 721 1185 800 1232; x_wconf 82' lang='lat' dir='ltr'><strong>admo·</strong></span> 
     </span>
     <span class='ocr_line' id='line_1_16' title="bbox 128 1247 800 1309; baseline 0 -13"><span class='ocrx_word' id='word_1_106' title='bbox 128 1247 291 1309; x_wconf 73' lang='lat' dir='ltr'><strong>dumpsrvada,</strong></span> <span class='ocrx_word' id='word_1_107' title='bbox 308 1251 428 1305; x_wconf 84' lang='lat' dir='ltr'><strong>osculatus,</strong></span> <span class='ocrx_word' id='word_1_108' title='bbox 445 1251 532 1298; x_wconf 80' lang='lat' dir='ltr'><strong>tristem</strong></span> <span class='ocrx_word' id='word_1_109' title='bbox 547 1249 747 1308; x_wconf 65' lang='lat' dir='ltr'><strong>animadvertereta</strong></span> <span class='ocrx_word' id='word_1_110' title='bbox 764 1249 800 1296; x_wconf 89' lang='lat' dir='ltr'><strong>in-</strong></span> 
     </span>
     <span class='ocr_line' id='line_1_17' title="bbox 127 1313 798 1378; baseline 0.004 -20"><span class='ocrx_word' id='word_1_111' title='bbox 127 1313 258 1374; x_wconf 74' lang='lat' dir='ltr'><strong>terrogant,</strong></span> <span class='ocrx_word' id='word_1_112' title='bbox 276 1315 329 1374; x_wconf 89' lang='lat' dir='ltr'><strong>quid</strong></span> <span class='ocrx_word' id='word_1_113' title='bbox 342 1316 373 1362; x_wconf 89' lang='lat' dir='ltr'><strong>ita</strong></span> <span class='ocrx_word' id='word_1_114' title='bbox 387 1331 415 1362; x_wconf 86' lang='lat' dir='ltr'><strong>eo</strong></span> <span class='ocrx_word' id='word_1_115' title='bbox 429 1315 494 1363; x_wconf 79' lang='lat' dir='ltr'><strong>vultu</strong></span> <span class='ocrx_word' id='word_1_116' title='bbox 508 1321 574 1362; x_wconf 76' lang='lat' dir='ltr'><strong>esset</strong></span> <span class='ocrx_word' id='word_1_117' title='bbox 602 1313 661 1368; x_wconf 79' lang='lat' dir='ltr'><strong>Quae</strong></span> <span class='ocrx_word' id='word_1_118' title='bbox 675 1315 798 1378; x_wconf 78' lang='lat' dir='ltr'><strong>respondit,</strong></span> 
     </span>
     <span class='ocr_line' id='line_1_18' title="bbox 127 1376 798 1442; baseline 0.004 -18"><span class='ocrx_word' id='word_1_119' title='bbox 127 1376 222 1425; x_wconf 84' lang='lat' dir='ltr'><strong>Persam</strong></span> <span class='ocrx_word' id='word_1_120' title='bbox 240 1379 339 1440; x_wconf 82' lang='lat' dir='ltr'><strong>periisse.</strong></span> <span class='ocrx_word' id='word_1_121' title='bbox 365 1379 503 1428; x_wconf 82' lang='lat' dir='ltr'><strong>Deeesserat</strong></span> <span class='ocrx_word' id='word_1_122' title='bbox 520 1386 595 1428; x_wconf 85' lang='lat' dir='ltr'><strong>sutem</strong></span> <span class='ocrx_word' id='word_1_123' title='bbox 614 1380 713 1434; x_wconf 84' lang='lat' dir='ltr'><strong>catellus,</strong></span> <span class='ocrx_word' id='word_1_124' title='bbox 731 1393 798 1442; x_wconf 88' lang='lat' dir='ltr'><strong>quem</strong></span> 
     </span>
     <span class='ocr_line' id='line_1_19' title="bbox 126 1442 799 1508; baseline 0.004 -19"><span class='ocrx_word' id='word_1_125' title='bbox 126 1442 202 1504; x_wconf 81' lang='lat' dir='ltr'><strong>puella</strong></span> <span class='ocrx_word' id='word_1_126' title='bbox 216 1443 241 1489; x_wconf 89' lang='lat' dir='ltr'><strong>in</strong></span> <span class='ocrx_word' id='word_1_127' title='bbox 257 1443 341 1490; x_wconf 83' lang='lat' dir='ltr'><strong>deliciis</strong></span> <span class='ocrx_word' id='word_1_128' title='bbox 356 1444 469 1499; x_wconf 74' lang='lat' dir='ltr'><strong>habuerat,</strong></span> <span class='ocrx_word' id='word_1_129' title='bbox 486 1445 578 1492; x_wconf 85' lang='lat' dir='ltr'><strong>nomine</strong></span> <span class='ocrx_word' id='word_1_130' title='bbox 593 1443 670 1493; x_wconf 87' lang='lat' dir='ltr'><strong>Persa.</strong></span> <span class='ocrx_word' id='word_1_131' title='bbox 695 1445 799 1508; x_wconf 80' lang='lat' dir='ltr'><strong>Arripuit</strong></span> 
     </span>
     <span class='ocr_line' id='line_1_20' title="bbox 126 1507 798 1574; baseline 0.004 -20"><span class='ocrx_word' id='word_1_132' title='bbox 126 1507 198 1569; x_wconf 76' lang='lat' dir='ltr'><strong>igitur</strong></span> <span class='ocrx_word' id='word_1_133' title='bbox 208 1523 276 1556; x_wconf 85' lang='lat' dir='ltr'><strong>omen</strong></span> <span class='ocrx_word' id='word_1_134' title='bbox 287 1507 372 1556; x_wconf 86' lang='lat' dir='ltr'><strong>Paulus</strong></span> <span class='ocrx_word' id='word_1_135' title='bbox 378 1526 386 1567; x_wconf 84' lang='lat'>3</span> <span class='ocrx_word' id='word_1_136' title='bbox 399 1523 472 1572; x_wconf 84' lang='lat' dir='ltr'><strong>exque</strong></span> <span class='ocrx_word' id='word_1_137' title='bbox 478 1509 571 1558; x_wconf 86' lang='lat' dir='ltr'><strong>fortuito</strong></span> <span class='ocrx_word' id='word_1_138' title='bbox 583 1510 650 1564; x_wconf 85' lang='lat' dir='ltr'><strong>dicto,</strong></span> <span class='ocrx_word' id='word_1_139' title='bbox 662 1511 724 1571; x_wconf 91' lang='lat' dir='ltr'><strong>quasi</strong></span> <span class='ocrx_word' id='word_1_140' title='bbox 735 1525 798 1574; x_wconf 71' lang='lat' dir='ltr'><strong>span</strong></span> 
     </span>
     <span class='ocr_line' id='line_1_21' title="bbox 125 1573 685 1637; baseline 0.005 -18"><span class='ocrx_word' id='word_1_141' title='bbox 125 1579 212 1620; x_wconf 68' lang='lat' dir='ltr'><strong>sermm</strong></span> <span class='ocrx_word' id='word_1_142' title='bbox 223 1573 338 1620; x_wconf 82' lang='lat' dir='ltr'><strong>clarissimi</strong></span> <span class='ocrx_word' id='word_1_143' title='bbox 349 1574 455 1636; x_wconf 84' lang='lat' dir='ltr'><strong>triumphi</strong></span> <span class='ocrx_word' id='word_1_144' title='bbox 466 1575 541 1622; x_wconf 85' lang='lat' dir='ltr'><strong>auimo</strong></span> <span class='ocrx_word' id='word_1_145' title='bbox 550 1575 685 1637; x_wconf 73' lang='lat' dir='ltr'><strong>praesumsit.</strong></span> 
     </span>
    </p>

    <p class='ocr_par' dir='ltr' id='par_1_7' title="bbox 118 1635 798 2400">
     <span class='ocr_line' id='line_1_22' title="bbox 158 1635 798 1700; baseline 0.009 -18"><span class='ocrx_word' id='word_1_146' title='bbox 158 1635 209 1700; x_wconf 84' lang='lat'><strong>(4.)</strong></span> <span class='ocrx_word' id='word_1_147' title='bbox 225 1637 260 1684; x_wconf 85' lang='lat' dir='ltr'><strong>At</strong></span> <span class='ocrx_word' id='word_1_148' title='bbox 271 1635 365 1685; x_wconf 84' lang='lat' dir='ltr'><strong>Caeeilia</strong></span> <span class='ocrx_word' id='word_1_149' title='bbox 374 1637 472 1694; x_wconf 79' lang='lat' dir='ltr'><strong>Metelli,</strong></span> <span class='ocrx_word' id='word_1_150' title='bbox 484 1640 538 1688; x_wconf 89' lang='lat' dir='ltr'><strong>dum</strong></span> <span class='ocrx_word' id='word_1_151' title='bbox 549 1641 631 1688; x_wconf 84' lang='lat' dir='ltr'><strong>sororis</strong></span> <span class='ocrx_word' id='word_1_152' title='bbox 641 1639 701 1694; x_wconf 78' lang='lat' dir='ltr'><strong>filiae,</strong></span> <span class='ocrx_word' id='word_1_153' title='bbox 713 1639 798 1688; x_wconf 76' lang='lat' dir='ltr'><strong>adultas</strong></span> 
     </span>
     <span class='ocr_line' id='line_1_23' title="bbox 124 1701 797 1768; baseline 0.006 -20"><span class='ocrx_word' id='word_1_154' title='bbox 124 1702 201 1748; x_wconf 78' lang='lat' dir='ltr'><strong>aetatis</strong></span> <span class='ocrx_word' id='word_1_155' title='bbox 211 1701 301 1762; x_wconf 83' lang='lat' dir='ltr'><strong>virgini,</strong></span> <span class='ocrx_word' id='word_1_156' title='bbox 313 1717 376 1750; x_wconf 87' lang='lat' dir='ltr'><strong>more</strong></span> <span class='ocrx_word' id='word_1_157' title='bbox 390 1704 470 1765; x_wconf 83' lang='lat' dir='ltr'><strong>prisco.</strong></span> <span class='ocrx_word' id='word_1_158' title='bbox 483 1711 550 1750; x_wconf 89' lang='lat' dir='ltr'><strong>nocte</strong></span> <span class='ocrx_word' id='word_1_159' title='bbox 560 1703 674 1759; x_wconf 75' lang='lat' dir='ltr'><strong>concubii,</strong></span> <span class='ocrx_word' id='word_1_160' title='bbox 690 1705 797 1768; x_wconf 75' lang='lat' dir='ltr'><strong>nuptialia</strong></span> 
     </span>
     <span class='ocr_line' id='line_1_24' title="bbox 123 1765 794 1831; baseline 0.01 -21"><span class='ocrx_word' id='word_1_161' title='bbox 123 1766 189 1829; x_wconf 87' lang='lat' dir='ltr'><strong>petit,</strong></span> <span class='ocrx_word' id='word_1_162' title='bbox 202 1781 268 1812; x_wconf 89' lang='lat' dir='ltr'><strong>omen</strong></span> <span class='ocrx_word' id='word_1_163' title='bbox 278 1765 327 1826; x_wconf 87' lang='lat' dir='ltr'><strong>ipsa</strong></span> <span class='ocrx_word' id='word_1_164' title='bbox 335 1765 396 1814; x_wconf 72' lang='lat' dir='ltr'><strong>iecit·</strong></span> <span class='ocrx_word' id='word_1_165' title='bbox 419 1765 488 1822; x_wconf 89' lang='lat' dir='ltr'><strong>Nam,</strong></span> <span class='ocrx_word' id='word_1_166' title='bbox 501 1783 552 1814; x_wconf 84' lang='lat' dir='ltr'><strong>eum</strong></span> <span class='ocrx_word' id='word_1_167' title='bbox 563 1769 586 1826; x_wconf 79' lang='lat' dir='ltr'><strong>iu</strong></span> <span class='ocrx_word' id='word_1_168' title='bbox 597 1769 678 1816; x_wconf 88' lang='lat' dir='ltr'><strong>sacello</strong></span> <span class='ocrx_word' id='word_1_169' title='bbox 689 1769 794 1831; x_wconf 87' lang='lat' dir='ltr'><strong>quodam,</strong></span> 
     </span>
     <span class='ocr_line' id='line_1_25' title="bbox 122 1827 797 1893; baseline 0.006 -17"><span class='ocrx_word' id='word_1_170' title='bbox 122 1833 174 1893; x_wconf 55' lang='lat' dir='ltr'><strong>qais</strong></span> <span class='ocrx_word' id='word_1_171' title='bbox 186 1829 219 1878; x_wconf 85' lang='lat' dir='ltr'><strong>rei</strong></span> <span class='ocrx_word' id='word_1_172' title='bbox 233 1827 312 1891; x_wconf 68' lang='lat' dir='ltr'><strong>gratiis,</strong></span> <span class='ocrx_word' id='word_1_173' title='bbox 328 1831 463 1890; x_wconf 80' lang='lat' dir='ltr'><strong>aliquamdiu</strong></span> <span class='ocrx_word' id='word_1_174' title='bbox 478 1832 617 1892; x_wconf 71' lang='lat' dir='ltr'><strong>persedisset,</strong></span> <span class='ocrx_word' id='word_1_175' title='bbox 634 1847 676 1881; x_wconf 83' lang='lat' dir='ltr'><strong>nee</strong></span> <span class='ocrx_word' id='word_1_176' title='bbox 690 1834 797 1882; x_wconf 77' lang='lat' dir='ltr'><strong>ullavox</strong></span> 
     </span>
     <span class='ocr_line' id='line_1_26' title="bbox 122 1895 795 1960; baseline 0.007 -20"><span class='ocrx_word' id='word_1_177' title='bbox 122 1895 240 1958; x_wconf 80' lang='lat' dir='ltr'><strong>proposito</strong></span> <span class='ocrx_word' id='word_1_178' title='bbox 251 1909 378 1956; x_wconf 80' lang='lat' dir='ltr'><strong>congnrens</strong></span> <span class='ocrx_word' id='word_1_179' title='bbox 389 1901 448 1942; x_wconf 86' lang='lat' dir='ltr'><strong>esset</strong></span> <span class='ocrx_word' id='word_1_180' title='bbox 460 1895 552 1954; x_wconf 66' lang='lat' dir='ltr'><strong>auditae</strong></span> <span class='ocrx_word' id='word_1_181' title='bbox 567 1895 627 1944; x_wconf 81' lang='lat' dir='ltr'><strong>fessa</strong></span> <span class='ocrx_word' id='word_1_182' title='bbox 639 1897 709 1960; x_wconf 77' lang='lat' dir='ltr'><strong>longai</strong></span> <span class='ocrx_word' id='word_1_183' title='bbox 722 1897 795 1945; x_wconf 83' lang='lat' dir='ltr'><strong>standi</strong></span> 
     </span>
     <span class='ocr_line' id='line_1_27' title="bbox 122 1957 796 2022; baseline 0 -16"><span class='ocrx_word' id='word_1_184' title='bbox 122 1957 189 2006; x_wconf 77' lang='lat' dir='ltr'><strong>mord</strong></span> <span class='ocrx_word' id='word_1_185' title='bbox 205 1959 286 2021; x_wconf 79' lang='lat' dir='ltr'><strong>puella.</strong></span> <span class='ocrx_word' id='word_1_186' title='bbox 307 1960 396 2022; x_wconf 73' lang='lat' dir='ltr'><strong>rogavit</strong></span> <span class='ocrx_word' id='word_1_187' title='bbox 413 1967 562 2016; x_wconf 84' lang='lat' dir='ltr'><strong>materteram,</strong></span> <span class='ocrx_word' id='word_1_188' title='bbox 583 1967 612 2008; x_wconf 85' lang='lat' dir='ltr'><strong>ut.</strong></span> <span class='ocrx_word' id='word_1_189' title='bbox 628 1961 668 2008; x_wconf 87' lang='lat' dir='ltr'><strong>sibi</strong></span> <span class='ocrx_word' id='word_1_190' title='bbox 684 1961 796 2022; x_wconf 82' lang='lat' dir='ltr'><strong>paulisper</strong></span> 
     </span>
     <span class='ocr_line' id='line_1_28' title="bbox 121 2023 795 2084; baseline -0.003 -12"><span class='ocrx_word' id='word_1_191' title='bbox 121 2026 200 2072; x_wconf 75' lang='lat' dir='ltr'><strong>laeam</strong></span> <span class='ocrx_word' id='word_1_192' title='bbox 220 2023 331 2071; x_wconf 77' lang='lat' dir='ltr'><strong>residendi</strong></span> <span class='ocrx_word' id='word_1_193' title='bbox 350 2026 544 2074; x_wconf 72' lang='lat' dir='ltr'><strong>accommodaret:</strong></span> <span class='ocrx_word' id='word_1_194' title='bbox 571 2026 607 2072; x_wconf 88' lang='lat' dir='ltr'><strong>eui</strong></span> <span class='ocrx_word' id='word_1_195' title='bbox 628 2025 691 2072; x_wconf 78' lang='lat' dir='ltr'><strong>illas·</strong></span> <span class='ocrx_word' id='word_1_196' title='bbox 709 2023 795 2084; x_wconf 79' lang='lat' dir='ltr'><strong>⁴⁴·Ego</strong></span> 
     </span>
     <span class='ocr_line' id='line_1_29' title="bbox 122 2086 796 2149; baseline 0 -15"><span class='ocrx_word' id='word_1_197' title='bbox 122 2087 205 2142; x_wconf 74' lang='lat' dir='ltr'><strong>vero,’&#39;</strong></span> <span class='ocrx_word' id='word_1_198' title='bbox 220 2088 300 2149; x_wconf 86' lang='lat' dir='ltr'><strong>iuquit,</strong></span> <span class='ocrx_word' id='word_1_199' title='bbox 317 2090 435 2137; x_wconf 80' lang='lat' dir='ltr'><strong>“libenter</strong></span> <span class='ocrx_word' id='word_1_200' title='bbox 444 2091 484 2140; x_wconf 90' lang='lat' dir='ltr'><strong>tibi</strong></span> <span class='ocrx_word' id='word_1_201' title='bbox 495 2088 546 2138; x_wconf 77' lang='lat' dir='ltr'><strong>med</strong></span> <span class='ocrx_word' id='word_1_202' title='bbox 556 2091 608 2138; x_wconf 85' lang='lat' dir='ltr'><strong>sede</strong></span> <span class='ocrx_word' id='word_1_203' title='bbox 618 2086 701 2136; x_wconf 84' lang='lat' dir='ltr'><strong>cedo.”</strong></span> <span class='ocrx_word' id='word_1_204' title='bbox 726 2087 796 2142; x_wconf 84' lang='lat' dir='ltr'><strong>Quod</strong></span> 
     </span>
     <span class='ocr_line' id='line_1_30' title="bbox 120 2153 795 2217; baseline 0 -17"><span class='ocrx_word' id='word_1_205' title='bbox 120 2153 216 2208; x_wconf 66' lang='lat' dir='ltr'><strong>dinam</strong></span> <span class='ocrx_word' id='word_1_206' title='bbox 238 2154 266 2200; x_wconf 83' lang='lat' dir='ltr'><strong>ab</strong></span> <span class='ocrx_word' id='word_1_207' title='bbox 286 2153 425 2217; x_wconf 75' lang='lat' dir='ltr'><strong>iudrdgeutiai</strong></span> <span class='ocrx_word' id='word_1_208' title='bbox 442 2155 574 2217; x_wconf 77' lang='lat' dir='ltr'><strong>proiectum,</strong></span> <span class='ocrx_word' id='word_1_209' title='bbox 595 2154 623 2201; x_wconf 84' lang='lat' dir='ltr'><strong>ad</strong></span> <span class='ocrx_word' id='word_1_210' title='bbox 642 2153 696 2200; x_wconf 83' lang='lat' dir='ltr'><strong>certi</strong></span> <span class='ocrx_word' id='word_1_211' title='bbox 713 2153 795 2200; x_wconf 90' lang='lat' dir='ltr'><strong>ominis</strong></span> 
     </span>
     <span class='ocr_line' id='line_1_31' title="bbox 119 2218 795 2282; baseline -0.001 -16"><span class='ocrx_word' id='word_1_212' title='bbox 119 2219 233 2282; x_wconf 71' lang='lat' dir='ltr'><strong>prosum</strong></span> <span class='ocrx_word' id='word_1_213' title='bbox 247 2226 360 2273; x_wconf 83' lang='lat' dir='ltr'><strong>sveuttun,</strong></span> <span class='ocrx_word' id='word_1_214' title='bbox 376 2219 481 2280; x_wconf 79' lang='lat' dir='ltr'><strong>quoniam</strong></span> <span class='ocrx_word' id='word_1_215' title='bbox 496 2218 605 2266; x_wconf 87' lang='lat' dir='ltr'><strong>Metellus</strong></span> <span class='ocrx_word' id='word_1_216' title='bbox 620 2219 711 2266; x_wconf 86' lang='lat' dir='ltr'><strong>nonita</strong></span> <span class='ocrx_word' id='word_1_217' title='bbox 721 2218 795 2266; x_wconf 86' lang='lat' dir='ltr'><strong>multo</strong></span> 
     </span>
     <span class='ocr_line' id='line_1_32' title="bbox 118 2281 793 2347; baseline 0 -17"><span class='ocrx_word' id='word_1_218' title='bbox 118 2291 182 2346; x_wconf 83' lang='lat' dir='ltr'><strong>post,</strong></span> <span class='ocrx_word' id='word_1_219' title='bbox 200 2281 292 2330; x_wconf 70' lang='lat' dir='ltr'><strong>mortui</strong></span> <span class='ocrx_word' id='word_1_220' title='bbox 309 2281 408 2338; x_wconf 68' lang='lat' dir='ltr'><strong>Caecilii,</strong></span> <span class='ocrx_word' id='word_1_221' title='bbox 425 2285 544 2347; x_wconf 66' lang='lat' dir='ltr'><strong>virginem,</strong></span> <span class='ocrx_word' id='word_1_222' title='bbox 562 2284 590 2331; x_wconf 85' lang='lat' dir='ltr'><strong>de</strong></span> <span class='ocrx_word' id='word_1_223' title='bbox 605 2281 650 2345; x_wconf 77' lang='lat' dir='ltr'><strong>quai</strong></span> <span class='ocrx_word' id='word_1_224' title='bbox 665 2284 752 2346; x_wconf 84' lang='lat' dir='ltr'><strong>loquor,</strong></span> <span class='ocrx_word' id='word_1_225' title='bbox 769 2283 793 2332; x_wconf 83' lang='lat' dir='ltr'><strong>ld</strong></span> 
     </span>
     <span class='ocr_line' id='line_1_33' title="bbox 118 2348 371 2400; baseline -0.008 -4"><span class='ocrx_word' id='word_1_226' title='bbox 118 2348 289 2396; x_wconf 78' lang='lat' dir='ltr'><strong>matrimonium</strong></span> <span class='ocrx_word' id='word_1_227' title='bbox 300 2348 371 2400; x_wconf 78' lang='lat' dir='ltr'><strong>duxit.</strong></span> 
     </span>
    </p>

    <p class='ocr_par' dir='ltr' id='par_1_8' title="bbox 118 2410 793 2736">
     <span class='ocr_line' id='line_1_34' title="bbox 154 2410 792 2477; baseline 0.002 -17"><span class='ocrx_word' id='word_1_228' title='bbox 154 2411 202 2476; x_wconf 76' lang='lat'>(5.)</span> <span class='ocrx_word' id='word_1_229' title='bbox 215 2410 243 2460; x_wconf 86' lang='lat' dir='ltr'><strong>C.</strong></span> <span class='ocrx_word' id='word_1_230' title='bbox 252 2420 328 2460; x_wconf 84' lang='lat' dir='ltr'><strong>autem</strong></span> <span class='ocrx_word' id='word_1_231' title='bbox 336 2413 412 2460; x_wconf 86' lang='lat' dir='ltr'><strong>Mario</strong></span> <span class='ocrx_word' id='word_1_232' title='bbox 420 2413 544 2460; x_wconf 80' lang='lat' dir='ltr'><strong>observatio</strong></span> <span class='ocrx_word' id='word_1_233' title='bbox 555 2413 636 2462; x_wconf 87' lang='lat' dir='ltr'><strong>ominis</strong></span> <span class='ocrx_word' id='word_1_234' title='bbox 646 2414 792 2477; x_wconf 85' lang='lat' dir='ltr'><strong>proculdubio</strong></span> 
     </span>
     <span class='ocr_line' id='line_1_35' title="bbox 119 2477 792 2542; baseline -0.004 -16"><span class='ocrx_word' id='word_1_235' title='bbox 119 2477 189 2526; x_wconf 77' lang='lat' dir='ltr'><strong>ntufi</strong></span> <span class='ocrx_word' id='word_1_236' title='bbox 198 2477 250 2531; x_wconf 83' lang='lat' dir='ltr'><strong>fuit,</strong></span> <span class='ocrx_word' id='word_1_237' title='bbox 262 2492 306 2539; x_wconf 84' lang='lat' dir='ltr'><strong>quo</strong></span> <span class='ocrx_word' id='word_1_238' title='bbox 317 2484 425 2540; x_wconf 85' lang='lat' dir='ltr'><strong>tempore,</strong></span> <span class='ocrx_word' id='word_1_239' title='bbox 437 2478 531 2526; x_wconf 84' lang='lat' dir='ltr'><strong>hostias</strong></span> <span class='ocrx_word' id='word_1_240' title='bbox 542 2486 620 2526; x_wconf 82' lang='lat' dir='ltr'><strong>senatu</strong></span> <span class='ocrx_word' id='word_1_241' title='bbox 630 2480 750 2542; x_wconf 75' lang='lat' dir='ltr'><strong>Judicatus,</strong></span> <span class='ocrx_word' id='word_1_242' title='bbox 768 2479 792 2531; x_wconf 84' lang='lat' dir='ltr'><strong>in</strong></span> 
     </span>
     <span class='ocr_line' id='line_1_36' title="bbox 118 2541 790 2590; baseline -0.004 0"><span class='ocrx_word' id='word_1_243' title='bbox 118 2544 214 2590; x_wconf 64' lang='lat' dir='ltr'><strong>mum</strong></span> <span class='ocrx_word' id='word_1_244' title='bbox 219 2541 445 2590; x_wconf 73' lang='lat' dir='ltr'><strong>FsuuiaeMiuturnis</strong></span> <span class='ocrx_word' id='word_1_245' title='bbox 452 2543 559 2590; x_wconf 68' lang='lat' dir='ltr'><strong>mnodiae</strong></span> <span class='ocrx_word' id='word_1_246' title='bbox 565 2541 631 2590; x_wconf 79' lang='lat' dir='ltr'><strong>causi</strong></span> <span class='ocrx_word' id='word_1_247' title='bbox 636 2545 790 2590; x_wconf 80' lang='lat' dir='ltr'><strong>deductusest.</strong></span> 
     </span>
     <span class='ocr_line' id='line_1_37' title="bbox 118 2606 789 2670; baseline -0.007 -15"><span class='ocrx_word' id='word_1_248' title='bbox 118 2607 289 2656; x_wconf 76' lang='lat' dir='ltr'><strong>Animadvertit</strong></span> <span class='ocrx_word' id='word_1_249' title='bbox 298 2608 358 2654; x_wconf 82' lang='lat' dir='ltr'><strong>enim</strong></span> <span class='ocrx_word' id='word_1_250' title='bbox 369 2607 469 2662; x_wconf 82' lang='lat' dir='ltr'><strong>asellum,</strong></span> <span class='ocrx_word' id='word_1_251' title='bbox 481 2623 533 2656; x_wconf 84' lang='lat' dir='ltr'><strong>sum</strong></span> <span class='ocrx_word' id='word_1_252' title='bbox 541 2609 562 2656; x_wconf 81' lang='lat' dir='ltr'><strong>ei</strong></span> <span class='ocrx_word' id='word_1_253' title='bbox 569 2608 674 2670; x_wconf 82' lang='lat' dir='ltr'><strong>pabulum</strong></span> <span class='ocrx_word' id='word_1_254' title='bbox 682 2606 789 2668; x_wconf 64' lang='lat' dir='ltr'><strong>objicere,</strong></span> 
     </span>
     <span class='ocr_line' id='line_1_38' title="bbox 118 2671 793 2736; baseline -0.007 -14"><span class='ocrx_word' id='word_1_255' title='bbox 118 2679 166 2727; x_wconf 78' lang='lat' dir='ltr'><strong>tut.</strong></span> <span class='ocrx_word' id='word_1_256' title='bbox 176 2672 329 2736; x_wconf 52' lang='grc' dir='ltr'><strong>κώπίσω,</strong></span> <span class='ocrx_word' id='word_1_257' title='bbox 340 2671 370 2722; x_wconf 81' lang='lat' dir='ltr'><strong>ad</strong></span> <span class='ocrx_word' id='word_1_258' title='bbox 380 2687 460 2734; x_wconf 83' lang='lat' dir='ltr'><strong>squam</strong></span> <span class='ocrx_word' id='word_1_259' title='bbox 469 2679 646 2736; x_wconf 80' lang='lat' dir='ltr'><strong>procurrentem.</strong></span> <span class='ocrx_word' id='word_1_260' title='bbox 663 2671 716 2726; x_wconf 71' lang='lat' dir='ltr'><strong>Quo</strong></span> <span class='ocrx_word' id='word_1_261' title='bbox 727 2684 793 2730; x_wconf 77' lang='lat' dir='ltr'><strong>spes·</strong></span> 
     </span>
    </p>
   </div>
   <div class='ocr_carea' id='block_1_4' title="bbox 0 0 926 2992">
    <p class='ocr_par' dir='ltr' id='par_1_9' title="bbox 0 0 926 2992">
     <span class='ocr_line' id='line_1_39' title="bbox 0 0 926 2992; baseline 0 4"><span class='ocrx_word' id='word_1_262' title='bbox 0 0 926 2992; x_wconf 95' lang='lat' dir='ltr'><strong> </strong></span> 
     </span>
    </p>
   </div>
  </div>
 </body>
</html>
