1828 2982
176 151 638 211 VAL·MAX1M1LaV.cir.s.
698 163 745 210 res

70 286 120 334 sine
134 301 181 348 quo
195 287 236 336 vix
250 289 297 338 rita
312 289 429 336 hominum
444 297 540 346 constat,
556 289 629 352 perdit
641 295 666 336 et
676 289 743 344 tollit,

69 352 171 412 quisquis
180 353 238 402 bene
252 354 333 402 merito
349 370 425 416 pnrem
437 355 519 402 referre
528 355 623 417 gratiam
639 354 742 416 negligit.

68 415 186 469 Ostentum
202 433 258 480 ergo
278 420 471 482 reprehensionem
490 428 612 473 merentur,
631 421 669 481 qui
688 435 741 466 cum

69 481 262 544 aequissimajurt,
276 483 316 530 sed
324 484 462 544 iniquissima
470 485 576 532 heberent
585 485 681 546 ingenia,
694 499 745 530 mo-

68 544 130 592 ribus
141 547 196 600 suis,
209 562 274 607 quem
283 548 378 609 legibus,
388 549 421 594 uti
432 549 575 596 maluerunt?
593 549 663 603 Quod
674 550 692 595 si
701 545 745 609 qui

67 609 213 671 piovidentlrl
229 611 333 658 Deorum
348 613 405 659 effici
420 621 504 674 posset,
521 622 547 660 ut
563 612 744 660 excellentissimi

69 675 122 727 viri,
140 690 237 734 quorum
254 677 322 724 modo
338 693 403 724 cssus
420 679 492 732 retuli,
510 678 583 740 legem
603 679 744 741 ingratorum

69 739 185 786 vindicem
198 741 324 795 retinentes,
337 743 430 804 petriam
442 758 505 790 susm
516 744 585 805 injus
596 743 625 789 od
635 743 700 789 oliam
712 743 745 788 ci·

70 804 167 849 vitatem
178 806 338 866 pertraherent,
350 821 426 852 nonne
441 807 583 869 ingeniosum
594 815 617 854 et
628 808 744 869 garrulum

71 868 190 929 populum,
210 877 298 916 mutum
317 871 386 931 atque'
402 871 517 933 elinguem
536 872 577 918 hac
596 871 746 933 postulatione

73 931 241 980 reddidissent?
258 941 274 964 ⁴⁶
283 934 408 982 Discordes
423 935 468 982 soci
481 937 521 990 tui,
534 936 641 998 pagisque
657 937 747 982 dividua

73 997 174 1059 tuguria,
193 997 361 1046 Graeeiaeiscts
375 1007 428 1046 sunt
444 1001 556 1047 columen.
584 999 657 1046 Lucet
668 1000 748 1046 Mers-

73 1062 132 1108 tion
142 1059 240 1108 Persicis
248 1064 352 1124 tropaeis:
367 1064 462 1112 Salamis
473 1071 496 1110 et
504 1064 653 1110 Artemisium
661 1063 748 1110 Xerxis

73 1125 194 1187 naufragis
204 1135 365 1174 numeranturr
384 1128 511 1190 prevalidis
526 1127 629 1173 manibus
639 1129 748 1174 exhaustu

72 1191 161 1236 nroenia
171 1191 332 1252 pulchrioribus
343 1193 446 1254 operibus
454 1199 608 1253 consurgunt:
622 1192 700 1238 borum
712 1208 748 1238 re-

72 1271 126 1301 rum
146 1263 249 1304 suctores
267 1257 305 1304 ubi
323 1255 445 1303 vixemnti
465 1257 501 1302 ubi
516 1255 611 1318 jacent?
628 1257 744 1317 responde.
818 1273 821 1280 ·

72 1319 168 1380 Nempe
184 1318 273 1367 'lheses
286 1322 380 1382 parvulo
395 1321 419 1368 in
434 1322 526 1382 scopulo
542 1320 675 1382 sepeliri-et
690 1320 748 1367 Mil-

73 1385 151 1432 tieden
165 1384 189 1429 in
203 1400 291 1432 carcere
305 1386 369 1440 mori,
387 1393 412 1432 et
427 1383 524 1434 Cimona
537 1393 641 1447 paternas
656 1385 748 1432 induere

72 1457 174 1502 catenas,
186 1456 210 1494 et
220 1447 396 1498 'lbemistoclem
407 1451 515 1498 victorem
526 1450 579 1498 victi
591 1451 662 1498 hostis
673 1465 749 1513 genua

73 1513 203 1574 complecti,
221 1514 378 1576 Solonemque,
397 1530 448 1563 cum
465 1515 566 1562 Aristide
582 1523 605 1562 et
622 1515 745 1569 Phocione,

72 1586 170 1642 penates
189 1593 242 1624 suos
258 1579 346 1641 ingrata
360 1579 440 1642 sugere
456 1581 565 1642 coegisti;
582 1595 633 1627 cum
650 1581 747 1634 interim,

73 1642 189 1690 cineribus
199 1643 282 1689 nostris
292 1643 353 1690 soede
360 1659 386 1691 sc
397 1645 549 1692 miserabiliter
557 1645 669 1707 dispersis,
680 1645 748 1692 OEdi·

73 1707 144 1772 podis
158 1721 216 1761 ossa,
232 1707 294 1755 caede
308 1709 384 1769 patris,
401 1710 484 1770 nuptiis
498 1709 576 1755 matris
590 1710 747 1763 contaminsta,

74 1771 222 1832 interipsum
236 1773 389 1835 Areopagum,
405 1773 475 1820 divini
490 1780 558 1832 atque
571 1773 662 1818 humani
677 1783 750 1820 certe·

74 1836 146 1884 minis
153 1837 278 1884 venerabile
286 1837 430 1892 domicilium,
441 1844 464 1883 et
474 1837 569 1882 errcelsis
579 1837 689 1897 praesidiis
700 1837 750 1884 Mi-

76 1915 157 1948 nervae
167 1915 249 1955 sroem,
259 1902 345 1949 honore
354 1917 400 1949 arae
408 1901 518 1953 decorate,
528 1901 591 1960 qussi
600 1909 749 1956 socrosancta,

76 1965 143 2012 colis·
169 1965 236 2012 Adeo
247 1966 285 2012 tihi
297 1967 368 2014 eliens
378 1967 437 2013 mals
447 1965 492 2011 tuis
502 1965 566 2011 bonis
577 1964 677 2025 gratiora
687 1971 747 2012 sunt

77 2029 147 2092 Lege
164 2029 240 2091 itaque
255 2031 336 2092 legem,
355 2046 407 2092 quae
423 2038 446 2078 te
459 2030 604 2090 jurejurando
622 2027 750 2074 obstrictam

77 2101 156 2142 tenet:
175 2102 205 2148 et,
222 2095 274 2155 quis
290 2096 444 2143 benemeritis
461 2094 534 2140 debite
549 2093 640 2140 reddere
656 2093 750 2154 praemis
798 2093 802 2104 ¹

76 2157 177 2210 rrolrdsti,
194 2158 256 2206 laesis
265 2160 329 2222 juste
345 2160 431 2222 pisculs
441 2156 557 2206 exsolve.”
577 2156 666 2204 Tacent
679 2164 750 2204 mutue

75 2223 167 2272 illorum
179 2224 270 2276 umbrae,
282 2222 323 2270 rati
334 2225 465 2271 necessitate
476 2223 616 2269 constrictae:
636 2228 659 2268 st
669 2221 749 2266 imme-

75 2301 154 2336 mores
163 2287 320 2334 beneliciorum
332 2289 431 2336 Athenae
439 2288 605 2348 reprehensore,
617 2283 695 2350 lingui
703 2301 751 2333 ser-

77 2364 148 2400 mone
158 2351 233 2400 licenti
244 2350 324 2408 soluti,
337 2367 383 2402 non
394 2360 478 2400 carent.
