1828 2982
189 143 237 190 ns
287 139 756 194 vsnnnx1n1nsv..co.ro.
829 149 833 154 ¹

389 303 392 310 ¹
466 315 573 362 Extermi-

192 407 212 449 l.
232 401 331 450 Pericles
342 402 494 450 Atheniensis.
520 401 560 468 19.
580 403 718 466 Xenophon.

184 493 186 504 ·
421 473 445 514 3.
465 469 619 531 Anaxagoras.

184 625 188 632 ·
223 594 412 646 Commemoratis
428 597 534 660 patribus,
550 597 588 658 qui
602 597 693 661 injurias
707 594 810 644 liliorum
823 610 862 658 pa·
896 603 897 644 l

190 661 271 708 tientes
288 669 431 722 exoeperont,
447 663 567 710 &mamus
580 677 627 716 eos,
643 662 682 722 qui
696 669 786 709 mortes
797 677 861 722 aquo
896 663 897 738 l

190 726 266 774 animo
277 723 407 774 tolerdrunt.

186 799 188 808 ‘
224 789 274 854 (1.)
293 789 402 838 Horatius
422 789 539 846 Pulvillus,
559 807 610 838 cum
629 792 652 837 in
673 785 791 853 capitolio
809 789 862 838 Jori

107 871 109 874 ·
192 854 285 918 Optimo
303 855 407 922 Maximo
421 857 493 904 sedem
507 856 608 918 pontifex
622 856 741 910 dedicaret,
758 857 862 914 interque
896 887 897 892 ,

192 921 380 982 nuncupationem
395 921 527 968 sollemnium
541 922 658 969 verborum
671 928 761 982 postem
773 927 860 971 tenens,
896 929 897 944 ³

192 992 307 1032 mortuum
318 1001 368 1033 esse
377 985 446 1032 filium
458 1001 523 1032 suum
533 983 638 1038 audisset
653 999 727 1045 neque
741 999 836 1031 manum
849 998 870 1036 a,

192 1057 257 1112 poste
268 1051 369 1104 removit,
381 1065 411 1098 ne
420 1050 476 1097 tanti
487 1050 563 1111 templi
571 1049 732 1096 dedicationem
740 1050 860 1096 interrum-
896 1055 897 1058 ’

191 1123 270 1176 peret3
287 1131 360 1176 neque
375 1115 463 1162 vultrnn
473 1129 487 1162 a
496 1113 583 1176 publici
593 1113 700 1176 religione
709 1113 739 1160 ad
749 1115 859 1174 privatum

193 1179 293 1228 dolorem
304 1180 402 1234 deflexit,
414 1195 443 1227 ne
452 1179 521 1242 patris
531 1179 603 1242 mugla
614 1193 679 1240 quam
687 1177 803 1241 pontilicis
812 1193 859 1240 par·

193 1251 228 1292 tes
238 1247 313 1307 egisse
324 1245 441 1292 videretur.
747 1249 749 1254 ’
802 1291 805 1294 .

227 1307 276 1372 (a.)
295 1308 387 1358 Clarum
398 1311 538 1374 exenplnm:
552 1325 594 1358 neo
604 1304 678 1357 minus
688 1317 765 1357 tmen
776 1309 858 1356 iuuene
896 1317 897 1372 J

172 1395 174 1400 v
193 1374 254 1434 quod
273 1375 380 1435 sequitur.
411 1373 519 1424 AErnilius
537 1375 629 1430 Paulus,
652 1390 711 1421 nunc
730 1373 854 1435 felicissimi,
896 1385 897 1404 ³

193 1451 254 1501 nunc
275 1439 393 1486 miserrimi
411 1441 480 1502 patris
498 1441 618 1488 clarissima
637 1439 811 1500 repraesentatio.
828 1450 855 1484 ex
896 1437 897 1468 ³

193 1509 289 1562 quatuor
303 1502 354 1550 liliis
368 1503 563 1568 formae,insignis‚
579 1505 678 1566 egregiae
692 1503 779 1556 indolis,
795 1503 853 1553 duos
896 1507 897 1512 ’

188 1568 241 1629 jure
248 1566 373 1628 adoptionis
378 1567 402 1612 in
411 1567 540 1617 Corneliam
545 1569 680 1628 Fabiamque
686 1575 779 1630 gentem
788 1575 855 1630 trena·

193 1631 257 1684 latos,
277 1631 317 1678 sibi
333 1631 382 1694 ipse
391 1632 523 1695 denegavit:
543 1634 599 1680 dnos
612 1633 633 1680 ei
644 1631 853 1692 Fortuna.sbstullt;

193 1710 289 1760 quornm
305 1695 361 1743 alter
375 1697 511 1759 triumphum
526 1697 594 1760 patris
607 1697 686 1744 timere
701 1711 742 1744 suo
756 1703 852 1757 quantun
896 1705 897 1754 3

193 1767 247 1808 ante
261 1761 320 1808 diem
333 1763 462 1824 praecessit3
479 1763 542 1816 alter,
557 1762 581 1808 in
594 1761 720 1824 triumphali
729 1775 793 1808 curra
803 1774 852 1806 con-
896 1759 897 1766 ’

194 1834 291 1890 metus,
303 1834 355 1890 post
365 1827 422 1874 diem
434 1827 524 1874 tertium
534 1825 661 1888 exspiravit.
686 1825 770 1886 Itaque,
782 1825 817 1886 qui
826 1823 851 1870 sd

194 1891 310 1940 donandos
320 1907 391 1954 usque
400 1893 480 1940 liberos
491 1891 645 1945 abundaverat,
655 1891 679 1936 in
687 1891 778 1938 orbitate
784 1889 851 1936 sinito

194 1957 367 2005 destituissent.
397 1955 471 2011 Quem
483 1955 705 2017 casumquorobore
715 1953 851 2002 ouimimti-
896 1967 897 2016 j

194 2023 275 2077 nuerit,
287 2023 394 2075 merione,
406 2037 473 2082 quam
484 2021 512 2068 de
523 2021 587 2068 rebus
602 2035 616 2067 a
630 2035 655 2066 se
668 2020 738 2081 gestis
751 2017 805 2080 spud
814 2033 850 2080 po-

194 2089 272 2150 pulum
282 2085 366 2142 habuit,
382 2087 440 2133 hanc
453 2083 576 2148 adjiciendo
587 2085 715 2138 clausulam,
727 2083 777 2130 nulli
787 2082 849 2130 emli-

194 2168 266 2215 gnum
274 2151 376 2214 reliquit:
391 2157 407 2181 ⁴¹
417 2148 477 2199 Cum
487 2151 511 2196 in
521 2149 620 2196 maximo
630 2155 740 2210 proventu
747 2147 849 2194 'felicitatis
896 2171 897 2194 i

194 2225 287 2272 nostres,
298 2215 405 2270 Quirites,
417 2215 526 2266 timerem,
539 2228 568 2260 ne
578 2213 631 2282 quid
641 2213 694 2260 mali
702 2211 797 2260 Fortuna
806 2227 849 2258 rnu-

194 2281 280 2336 liretur,
291 2280 374 2330 Jovem
385 2280 502 2342 Optimum
511 2277 647 2331 Maximum,
658 2277 809 2338 dunensemque
818 2291 849 2323 re-

194 2346 279 2406 ginam,
299 2352 323 2392 et
342 2344 479 2398 Minervam,
498 2350 601 2405 precatus
617 2356 674 2396 snm,
692 2349 724 2396 ut,
741 2341 848 2388 siadmi

194 2409 249 2468 quid
259 2409 342 2470 populo
357 2408 463 2455 Romano
477 2409 609 2460 immineret.
621 2414 694 2453 totum
705 2406 728 2452 in
739 2420 803 2453 murm
813 2406 848 2452 do-
896 2399 897 2418 ¹

194 2486 257 2516 mum
273 2479 448 2518 converteretur.
474 2471 618 2534 Quapropter
628 2472 684 2518 bene
693 2471 768 2518 habet:
783 2485 847 2518 annu

194 2534 252 2580 endo
263 2535 322 2579 enim
334 2536 393 2581 votis
401 2535 464 2590 meis,
473 2536 497 2584 id
505 2543 607 2598 egerurn,
617 2543 642 2582 ut
654 2551 694 2582 vos
704 2535 773 2598 potius
781 2549 845 2582 meum

194 2611 271 2642 casum
282 2597 382 2650 doleatis,
394 2613 460 2658 quarn
472 2616 519 2662 ego
528 2609 605 2648 vestro
615 2597 800 2662 ingerniscerem”

226 2657 276 2723 (8.)
288 2659 342 2707 Uno
353 2661 481 2712 etiarnm
491 2666 614 2716 domestica
622 2665 815 2730 exemploadstto.
825 2663 844 2712 iu
896 2681 897 2702 π
