1870 2990
186 113 233 160 288
284 117 510 168 VAL.MAX1M1
522 119 580 168 ina
593 117 652 168 vll.
661 121 730 171 ‘Can
740 125 765 170 ’6.

189 253 234 298 tur,
253 247 376 310 ricinseque
395 249 487 312 imperio
504 249 554 313 ejus
571 251 674 312 regiones
691 249 761 298 auliti
779 251 863 300 indicti·
906 231 910 248 ⁴

191 311 302 358 tumultiis
313 313 479 361 denuntiatione
488 321 646 374 quaterentur;
662 323 724 362 tanta
731 317 756 362 in
767 315 857 380 Bospo-
909 353 910 374 ἶ

191 389 247 422 rano
261 382 334 423 tractu
349 379 487 426 commeatis
502 380 594 440 penuria
607 379 704 434 incessit,
720 389 745 426 ut
756 395 797 427 aex
808 383 858 428 mil-

191 439 248 486 libus
263 439 358 487 denariis
375 442 463 504 singula
479 457 533 490 vasa
547 444 597 496 olei,
612 443 762 506 immentiqne
778 447 859 492 modiis
909 481 910 494 t

192 503 284 550 totidem
300 505 616 568 mancipiapermutarentur.
640 509 685 555 Sed
699 511 859 556 unanasimam
909 509 910 568 ζ

191 574 347 629 tempestatem
358 570 458 632 Augusti
469 587 529 626 cura,
538 573 618 619 tutelae
633 581 687 620 tuno
701 581 810 621 terrarum
821 590 861 622 va·
909 621 910 624 ,

193 647 254 686 caua,
266 633 363 696 dispulit.
445 683 447 689 ,

217 789 219 792 ,
472 745 585 792 Externa.
654 739 655 744 ¹

229 829 278 894 (1.)
296 829 441 881 Cretensibus
458 833 512 880 nib'd
529 834 573 880 tale
589 833 683 894 praesidii
701 831 800 891 affulsit3
817 834 861 894 qui,
909 817 910 890 i

196 897 310 944 obsidione
326 897 415 945 Metelli
430 899 458 946 ad
473 899 574 944 ultimam
589 913 660 958 usque
674 899 789 958 penurmm
799 914 862 946 com-
909 943 910 946 ,

195 961 262 1022 pulsi,
278 959 324 1016 sui,
336 961 535 1024 jumentorumque
545 977 635 1008 suorum
647 960 712 1008 urinis
721 961 781 1008 sitim
792 970 864 1009 torse-
909 971 910 998 ἓ

197 1033 257 1080 runt,
265 1027 349 1089 justius
359 1027 460 1081 dixerim,
472 1043 539 1088 quam
552 1024 718 1084 sustentirunt3
733 1027 793 1087 quia,
809 1028 863 1074 dum

196 1091 257 1138 vinci
268 1092 354 1146 timent,
367 1091 390 1140 id
400 1093 458 1154 passi
467 1094 525 1145 sunt,
537 1091 597 1152 quod
608 1103 647 1137 eos
655 1105 683 1138 nc
692 1091 765 1138 victor
775 1091 862 1152 quiden

198 1155 244 1218 pati
255 1157 372 1218 abegisset.
387 1164 391 1181 ¹

232 1219 281 1284 (2.)
299 1219 433 1268 Numantini
443 1226 525 1275 autem,
537 1235 550 1267 a
562 1221 666 1282 Scipione
676 1219 735 1266 vallo
747 1227 773 1267 et
783 1235 865 1283 aggere

200 1285 337 1339 circumdati,
355 1301 407 1332 eum
425 1285 506 1340 omnia,
524 1300 575 1345 quae
590 1283 671 1332 sarnem
685 1299 766 1330 eorum
780 1287 864 1332 maere

198 1357 309 1412 poterant,
319 1351 502 1404 consumsissent,
511 1349 539 1396 ad
546 1349 649 1395 ultimum
660 1349 810 1396 humanorum
818 1363 865 1396 cor-

198 1428 279 1475 porum
290 1413 381 1474 dapibus
392 1416 427 1462 usi
437 1421 497 1461 sunt.
517 1413 665 1476 Quapropter,
677 1411 797 1476 capthsm
805 1415 863 1467 urbe,

198 1478 325 1540 complures
335 1478 420 1526 inventi
431 1485 491 1533 sunt,
503 1485 564 1524 anus
572 1485 595 1524 et
602 1478 701 1524 membra
708 1479 865 1525 trucidatorum

200 1555 319 1603 corporum
330 1541 381 1588 sinu
392 1557 433 1590 suo
443 1549 564 1604 gestantes.
584 1541 654 1588 Nulla
664 1547 699 1588 est
709 1542 733 1587 in
743 1543 781 1588 his
791 1557 865 1590 neees-

199 1606 271 1654 sitatis
281 1606 409 1654 excusatio:
429 1622 489 1661 nam,
501 1607 579 1667 quibus
589 1607 646 1652 mori
658 1605 728 1660 licuit,
746 1607 781 1654 sic
794 1608 868 1655 rivere

199 1685 292 1720 neumae
302 1669 409 1718 nonfuit.
475 1709 477 1714 .

234 1734 286 1802 (3.)
303 1735 394 1784 Horum
408 1743 495 1785 trucem
505 1731 647 1800 pertinaciam
658 1735 681 1782 in
692 1737 806 1784 consimili
815 1735 866 1784 fad·

200 1818 256 1850 nore
274 1800 496 1865 Calagurritanorum
514 1801 653 1848 exsecrabilis
670 1801 776 1862 impietas
794 1818 867 1864 super-

200 1883 280 1932 gressa
290 1871 338 1914 est:
352 1868 396 1928 qui,
409 1883 453 1928 quo
464 1866 641 1928 perseverantius
650 1865 765 1912 interemti
777 1867 867 1914 Sertorii

200 1933 318 1986 cineribus,
334 1932 470 1978 obsidionem
483 1929 527 1978 Cn.
539 1929 640 1991 Pompeii
649 1928 792 1986 frustrantes,
803 1932 866 1978 saleru

201 2002 347 2062 praeatarent3
359 1997 411 2057 quia
421 1995 507 2042 nullum
514 1996 562 2058 Jam
573 1995 665 2041 aliudin
675 1995 731 2041 urbe
739 2010 822 2042 eorum
832 2011 866 2042 au·

200 2069 289 2126 pererat
299 2061 387 2116 animal,
397 2055 479 2107 ultores
489 2075 541 2106 suas
547 2066 655 2120 natosque
665 2059 692 2104 ad
703 2073 771 2105 usum
780 2060 867 2107 nefarie

201 2129 264 2191 dapis
274 2131 396 2174 verterunt.
417 2124 515 2185 Quoque
524 2123 607 2170 diutius
617 2129 700 2169 armata
703 2124 816 2186 Juvtus
825 2127 868 2172 vis-
905 2143 910 2166 -t

201 2209 253 2241 cera
268 2206 310 2239 suu
326 2189 447 2238 visceribus
464 2189 509 2235 suis
525 2189 601 2249 aleret,
619 2187 718 2234 infelices
733 2189 866 2236 cadaverum

200 2257 304 2318 reliquias
315 2254 380 2302 salire
390 2269 437 2302 non
445 2253 558 2300 dubitavit.
577 2251 616 2300 En
624 2266 690 2312 quam
700 2252 781 2313 aliquus
791 2253 815 2300 in
823 2255 868 2300 acie

200 2324 334 2372 hortaretur,
350 2327 376 2366 ut
386 2335 427 2381 pro
438 2319 510 2365 salute
523 2317 644 2380 conjugum
658 2323 682 2362 et
691 2316 813 2364 liberorum
822 2317 867 2364 for·

199 2385 254 2429 titer
270 2383 396 2430 dimicaret!
417 2383 457 2430 Ex
473 2383 516 2430 hoc
532 2382 635 2428 nimirum
650 2382 803 2435 hostetanto
818 2382 867 2430 dud
909 2383 910 2392 ¹

199 2461 268 2506 poena
282 2447 356 2507 magis
371 2462 438 2506 quam
454 2443 659 2508 victoria'petenda
674 2444 731 2502 iirit;
748 2447 802 2506 quia
817 2447 866 2509 plus

198 2509 324 2555 vindicatus
337 2506 475 2574 [libertatia]
487 2525 553 2571 quarn
564 2511 637 2558 victus
647 2509 727 2572 glorie
736 2509 817 2557 afferre
824 2525 865 2572 po-

197 2572 255 2625 tuit3
273 2586 324 2616 cum
339 2589 407 2620 omne
421 2583 549 2636 serpentum
564 2589 590 2622 ac
604 2574 700 2621 ferarum
709 2588 792 2636 genus,
804 2589 865 2622 eom·

195 2634 310 2696 paratione
318 2635 359 2690 sui,
368 2637 434 2685 titulo
441 2638 536 2688 feritatis
544 2637 658 2702 superbiit
687 2637 750 2686 Nam
760 2653 813 2701 que
822 2639 867 2686 illis
902 2613 910 2700 i
