1828 2982
170 162 249 214 vsi,
262 163 401 214 MAxloss
418 163 472 214 Lu.
484 163 544 213 Vll.
565 162 625 214 Cn·
635 169 660 214 3.
702 168 751 216 278

73 299 155 348 veut,
168 305 201 340 ex
213 291 300 342 soedere
313 293 360 342 icto
373 293 485 342 dimidiam
495 301 581 357 pestem
592 293 682 342 mrim
693 293 752 340 scci-

74 371 135 421 pere
155 358 252 412 deberet,
272 359 356 406 medies
375 374 453 407 omnes
472 359 576 415 secuisse,
594 367 621 406 ut
636 371 688 406 eum
703 355 752 405 toti

75 422 154 470 classe
163 423 268 484 privaret.

113 484 166 549 (5.)
177 485 230 535 Jam
241 487 277 536 M.
287 488 389 535 Antonio
397 489 554 536 remittendum
565 487 690 536 convicium
702 493 747 534 est:

74 551 117 614 qui
130 551 213 598 idcirco
224 567 249 599 se
260 553 331 600 siebat
342 553 425 600 nullom
433 555 556 600 orationem
565 554 685 615 scripsisse,
698 551 751 598 utsi

76 615 135 678 quid
147 616 260 677 superiore
269 617 355 678 judicio
366 617 453 672 ectum,
461 620 488 672 ei,
501 634 567 679 quem
581 625 660 680 postes
673 615 750 663 defen-

76 695 147 728 surus
158 687 225 734 esset,
238 682 364 727 nociturum
379 681 444 734 soret,
493 698 508 728 u
524 684 608 730 dictum
623 699 637 729 o
651 697 676 728 se
690 681 750 728 affir-

75 759 142 792 msre
152 753 235 806 posset
265 743 311 798 Qui
322 745 375 792 facti
386 747 424 792 vix
494 748 539 794 ntis
550 748 685 794 tolerabilem
696 761 749 792 osu·

76 824 128 856 snm
151 809 242 856 hebuit:
269 825 309 871 pro
330 811 502 890 periclitantium
521 813 581 858 enlm
600 811 678 872 sepite,
702 825 748 856 nou

75 873 154 920 solum
165 873 292 934 eloquentid
303 890 343 922 suo
354 876 394 930 uti,
407 875 524 922 sedetiam
535 873 669 923 verecrmdii
680 875 747 931 abuti,

76 945 129 986 erut
139 945 237 1000 paratus.

111 1000 162 1066 (6.)
182 1003 293 1050 Sertorius
307 1019 369 1059 vero,
387 1004 486 1065 corporis
501 1004 580 1051 robore
594 1009 662 1064 atque
678 1003 747 1050 enimi

74 1065 173 1116 consilio
189 1083 265 1129 parem
282 1077 368 1115 noturae
385 1069 547 1130 indulgentiam
557 1074 677 1130 expertus,
695 1083 748 1130 pro-

74 1131 199 1193 scriptione
208 1131 299 1179 Sullani
307 1133 354 1180 dux
362 1131 523 1179 Lusitanorum
532 1131 579 1179 lieri
587 1139 684 1186 coactus,
694 1147 746 1180 cum
833 1151 836 1157 ¹

73 1212 118 1244 eos
135 1193 236 1244 oratione
252 1195 343 1244 flectere
359 1212 405 1244 non
419 1205 503 1260 posset,
521 1211 550 1242 ne
567 1212 618 1243 cum
636 1195 747 1244 Romsuir
841 1223 844 1228 ·
892 1263 897 1270 1

74 1259 183 1308 universi
190 1261 238 1308 acie
245 1261 367 1324 confligere
375 1262 465 1317 vellent,
474 1261 537 1309 vafro
546 1262 639 1308 consilio
648 1260 675 1308 od
683 1275 746 1307 susm

75 1326 212 1374 sententium
222 1327 333 1388 perduxit.
352 1326 420 1374 Duos
431 1328 491 1374 euim
502 1327 525 1372 iu
536 1333 657 1388 conspectu
668 1341 746 1373 corum

74 1390 194 1438 constituit
204 1406 280 1452 equos,
294 1391 388 1438 sltermn
399 1392 566 1444 validissimum,
579 1391 672 1437 alterum
684 1389 746 1436 infir·

74 1455 214 1502 missimum:
230 1471 256 1503 sc
264 1455 343 1503 deinde
354 1456 422 1503 velidi
431 1457 523 1504 caudmn
534 1457 561 1503 sb
571 1455 681 1502 imbecillo
693 1469 746 1502 sene

57 1520 183 1584 ¹paulatim
200 1521 266 1582 cerpi,
287 1521 368 1567 infirmi
387 1537 401 1568 s
414 1523 500 1584 juvene
518 1521 648 1568 eximiarum
664 1520 746 1567 virium

73 1585 204 1632 universam
215 1585 311 1631 convelli
317 1586 393 1647 jussit.
409 1585 592 1648 Obtempemtum
600 1586 693 1648 imperio
704 1593 746 1633 est.

76 1649 130 1703 Sed,
142 1649 195 1696 dum
206 1649 353 1697 adolescentis
364 1651 455 1698 dexteru
465 1652 527 1698 irrito
538 1666 563 1698 se
573 1651 648 1698 labore
657 1649 744 1712 fatiget,

74 1713 138 1761 senio
150 1712 252 1761 conlecto
262 1730 341 1761 merrus
350 1715 496 1762 ministerium
505 1723 610 1762 exsecuto
617 1723 659 1762 est.
677 1713 700 1761 T
701 1729 745 1762 unc

74 1777 174 1826 brrbarae
181 1779 291 1832 concioni,
299 1794 405 1840 quorsum
414 1794 440 1825 ea
448 1795 483 1825 res
492 1780 599 1832 tenderet,
609 1793 746 1841 cognoscere

75 1843 181 1904 cupienti,
202 1844 310 1906 subjecit:
337 1843 425 1903 “Equi
443 1843 521 1889 caudae
540 1843 677 1889 consimilem
695 1858 746 1892 esse

73 1915 177 1954 nostrum
196 1909 327 1962 exercitum,
344 1909 408 1970 cujus
425 1915 499 1969 partes
515 1907 595 1967 uliquis
610 1907 745 1968 aggrediens

74 1972 200 2034 opprimere
221 1973 307 2034 possit:
334 1973 463 2019 universum
483 1978 577 2018 conotus
595 1978 742 2031 prosternere,
833 2019 836 2028 ,

74 2035 168 2084 celerius
179 2035 293 2084 tradiderit
303 2037 427 2088 victoriam,
440 2051 507 2097 quarn
519 2034 687 2096 occupaverit.”
707 2033 744 2084 lta

74 2115 133 2164 gens
143 2101 240 2155 barbare,
251 2115 335 2162 aspera,
345 2109 367 2148 et
376 2101 424 2163 regi
433 2100 533 2153 difficilis,
545 2099 568 2144 in
577 2099 669 2146 exitium
678 2097 743 2145 suum

75 2180 151 2218 ruens,
163 2181 231 2226 quem
242 2165 360 2212 utilitatem
372 2167 460 2212 auribus
476 2171 597 2227 respuerat,
614 2163 684 2210 oculis
694 2177 745 2226 per·

74 2229 139 2276 vidit.

107 2289 157 2356 (7.)
173 2287 256 2340 Feblus
270 2300 345 2340 sutem
360 2293 483 2348 Maximus,
495 2294 559 2356 cujus
569 2307 615 2340 non
626 2291 739 2348 dimicare,

72 2357 163 2405 vincere
172 2357 222 2413 suit,
235 2373 286 2404 cum
297 2357 415 2420 praecipuse
426 2357 561 2405 fortitudinis
575 2357 690 2404 Nolanum
701 2373 741 2418 pe·

73 2422 143 2470 ditem
154 2419 219 2468 dubit
229 2422 273 2469 lide
283 2429 418 2484 suspectum,
432 2431 456 2470 et
471 2431 567 2470 strenuse
581 2437 655 2484 opere
666 2420 742 2468 Luca-

74 2501 129 2534 num
144 2487 240 2548 equitem
254 2502 330 2534 umore
346 2488 413 2534 scorti
428 2487 565 2549 deperditum
578 2488 602 2533 in
613 2487 691 2534 cestris
702 2487 743 2534 ha-

72 2551 150 2608 beret;
167 2559 192 2598 ut
203 2559 298 2612 utroque
311 2551 386 2612 potius
396 2552 456 2598 bono
470 2551 541 2598 milite
555 2559 661 2605 uteretur,
673 2565 741 2612 quem

72 2615 97 2664 iu
108 2623 227 2678 utrumque
237 2616 429 2672 animadverteret,
441 2616 505 2664 elteri
515 2616 664 2680 suspicionem
677 2627 741 2664 suem
