1820 2982
189 149 243 194 144:
284 147 361 196 VAL.
370 145 517 198 'Maxlrot
529 147 583 196 Lm.
597 147 642 196 iV.
661 147 722 200 cn.
733 155 757 199 8.

192 277 341 331 damnaverat,
359 276 426 325 filiam
442 277 466 324 in
480 277 645 324 matrimonium
660 277 770 333 domun,
784 287 808 328 et
818 280 853 327 Μ.

193 341 322 396 colonium,
332 355 345 388 a
355 357 400 403 quo
411 342 527 390 damnatus
536 341 615 396 fumi,
627 356 702 389 rerum
711 357 799 391 starum
807 359 856 407 pro

193 414 318 453 curatorem
329 407 436 454 habendo.

226 467 275 533 (7.)
292 469 359 518 coelii
370 487 424 518 vero
435 469 489 518 Rufi
504 477 530 518 ut
543 469 590 517 vita
598 469 720 529 inquinata,
732 470 764 518 ita
773 472 854 519 miami-

192 535 273 584 cordia
286 549 353 594 quam
365 535 397 589 Q.
409 535 518 598 Pompeio
528 534 638 596 praestitit,
649 534 775 596 probanda·
790 537 830 590 oui,
840 551 853 582 a

192 614 217 644 se
232 597 319 659 publica
334 600 458 660 quastione
471 605 589 660 prostrato.
605 613 656 644 cum
671 605 742 644 mater
754 597 853 646 Cornelia

192 662 242 708 fidei
254 664 373 710 commissa
382 665 466 725 praedia
476 678 521 708 non
536 662 643 715 redderet,
659 670 725 722 atque
739 663 782 710 iste
795 665 852 712 auxi-

192 727 247 773 lium
261 741 325 774 suum
339 727 409 774 literis
424 725 571 788 implorasset,
585 727 760 787 pertinacissime
774 729 851 775 aboent

193 791 263 838 affirit.
295 791 409 838 Recitavit
427 798 450 837 et
468 793 515 853 ejus
532 790 648 852 epistolam
662 790 755 853 judicio,
774 793 851 839 ultime

193 856 331 902 necessitatis
341 855 444 909 indicem.
456 853 501 915 quit
512 854 602 916 impiam
617 853 731 903 Corneliae
744 857 850 904 avaritiam

194 922 314 967 subvertit:
332 919 424 974 iactum,
435 925 526 981 propter
536 918 640 966 eximiam
650 920 815 978 humanitatem,
826 935 851 966 ne
894 941 895 952 .

195 987 235 1032 sub
247 983 322 1034 Coelio
331 985 419 1046 quidem
430 991 521 1032 auctore
531 983 697 1046 repudiandum.
893 953 895 1024 1

480 1153 578 1169 Q

242 1277 302 1328 Car.
316 1277 447 1326 III.-De
459 1275 608 1326 Abstinenrit
618 1285 641 1326 et
653 1278 810 1328 Continenta'i·

339 1405 412 1466 Cujus
421 1408 523 1468 exemplo
535 1409 645 1454 nomano
655 1415 712 1456 sunt

212 1495 232 1535 l
253 1490 281 1537 Ρ.
298 1491 373 1553 Scipio
390 1492 511 1541 Africanus
557 1498 582 1541 8.
591 1493 620 1542 Ι.
642 1485 749 1543 AEmilius
773 1495 851 1544 Paulus

290 1571 334 1618 ma
335 1572 361 1601 or
323 1573 458 1618 procos.
635 1575 724 1621 procos.

210 1621 232 1662 2
258 1618 293 1664 Μ.
314 1619 372 1668 Cato
396 1621 511 1670 Uticensis
557 1629 579 1672 9
593 1622 676 1686 Legati
685 1624 756 1672 Rom.
768 1623 850 1679 mm-

289 1700 364 1746 propr.
635 1688 684 1735 bius
707 1690 807 1750 Gurges,

207 1751 232 1792 8.
247 1746 310 1795 Nero
324 1749 431 1798 Claudius
445 1750 510 1798 Dru·
635 1751 667 1799 N.
678 1751 762 1800 Fabius
772 1753 848 1804 Pictor

289 1830 327 1862 sus
338 1823 361 1862 et
371 1816 479 1863 Antonia.
634 1817 702 1870 etQ.
713 1817 768 1880 Ogu
769 1819 831 1866 lnius.

208 1882 232 1924 4.
251 1876 295 1926 Cn.
313 1879 415 1928 Marcius
428 1879 510 1929 Corio·
541 1883 578 1928 10.
600 1879 630 1928 L.
647 1834 783 1943 Calpurnius
801 1881 849 1930 Piso

289 1943 361 1991 lanus.
635 1944 706 2008 Frugi
718 1962 765 1993 cos.

136 2029 139 2034 ¹
209 2010 233 2054 5.
249 2007 286 2054 M’
297 2008 379 2057 Curius
393 2007 508 2057 Dentatus
541 2011 577 2054 11.
591 2009 628 2058 Μ.
641 2008 699 2058 cato
710 2012 837 2058 aenioroos.

288 2089 334 2120 coa.
541 2077 577 2120 12.
592 2074 628 2122 Μ.
641 2073 699 2122 Cato
711 2074 831 2124 Uticensis.

207 2134 274 2184 6.C.
293 2137 380 2186 Fabrio.
395 2136 509 2185 Luaoinua
541 2142 578 2185 18.
603 2138 631 2186 P.
635 2139 728 2250 nScipio
751 2139 847 2188 AEmiiir-

289 2218 335 2249 008

208 2253 231 2310 7.
259 2264 290 2318 Q.
314 2266 390 2312 AEliua
417 2264 508 2314 Tubero
541 2270 578 2314 14.
592 2266 649 2330 Pop.
659 2267 786 2316 Romanus.

290 2327 361 2376 Catus
372 2345 417 2376 cos.

436 2435 544 2483 Ettemo
553 2445 611 2484 sunt

208 2518 228 2558 l.
244 2512 341 2564 Periclea
351 2521 503 2570 Atheniensis.
555 2529 578 2571 8.
603 2523 744 2573 Xenocrates
767 2523 844 2574 Aeone

134 2587 137 2594 ’
203 2580 229 2626 2.
243 2578 366 2653 ,Sophocles
381 2584 506 2634 Athenien·
635 2589 714 2636 micus.

285 2657 322 2690 su.
554 2657 577 2700 4.
592 2653 710 2716 Diogenes
722 2653 824 2715 Cynicus
