1820 2982
182 176 229 222 166
277 173 356 224 vni.
370 173 509 228 Mnxllul
524 173 577 224 Lm.
588 175 634 226 IV.
652 176 712 230 Cn.
725 181 747 227 ¹1.

181 305 295 354 Tribunus
306 305 366 354 enim
376 307 447 370 plebis
458 305 589 370 Οερίοιιωι
599 308 623 355 iu
633 321 743 357 demerem
757 309 850 371 conjec-

181 377 238 426 tum,
256 371 316 432 quod
330 371 389 418 illius
403 370 469 434 culpi
483 373 593 420 exereitus
608 381 707 421 nostera
718 371 813 421 Cimbris
825 381 851 420 et

181 434 294 482 Teutonis
310 436 425 482 videbatur
447 436 540 491 deletus,
558 438 640 484 veteris
662 445 773 498 srctaeque
791 439 851 484 ami-

184 499 243 546 citiae
254 515 347 553 memor,
359 499 446 562 publici
456 499 677 550 custodiiliberavit:
690 517 731 550 nec
739 503 851 549 hactenus

110 589 112 595 ·
183 565 279 610 amicum
296 565 369 628 egisse
380 572 507 620 contentus,
519 567 585 614 etiam
595 566 657 628 fugae
668 569 715 629 eJ'us
726 581 799 614 comes
809 582 853 613 sc-
901 597 902 606 .

184 629 257 674 cessit.
286 628 331 674 Pro
346 645 453 692 msgnum
465 637 488 676 et
499 631 672 693 inexsuperabile
682 639 743 678 tuum
755 646 851 686 numen,
901 649 902 680 i

184 692 302 740 Amicitia!
322 709 373 740 cum
388 693 500 741 exalteris
510 703 572 757 parte
583 696 704 758 respublica
713 711 802 742 manum
812 697 853 741 in-
901 697 902 756 ἐ

179 757 267 818 jiceret,
283 772 312 804 ex
327 757 396 805 alteri
407 767 446 805 tue
456 760 519 805 illum
534 760 625 806 dextera
639 762 747 817 traherem
765 768 788 806 et
801 761 851 814 illa,
901 767 902 816 ζ

185 829 211 868 ut
222 830 376 870 sacrosanctus
386 839 435 870 esse
446 823 520 877 vellet,
532 826 646 886 exigeret;
663 833 688 871 tu
702 824 803 870 exsilium
813 825 855 870 in-
901 827 902 840 ¹

186 887 285 944 diceres;
302 887 368 950 (adeo
379 887 459 934 blando
470 888 538 935 uteris
548 887 651 951 imperio)
663 889 792 952 supplicium
806 890 855 936 bo-

188 951 237 997 nori
248 953 353 1014 praetulit.
901 955 902 988 ἒ

220 1015 269 1079 (4.)
287 1017 424 1064 Admirabile
437 1019 480 1064 boc
492 1033 548 1080 opus
558 1026 636 1066 tuum:
655 1019 694 1066 sed
707 1019 766 1080 quod
777 1020 856 1079 sequi-

187 1088 231 1134 tur,
249 1082 362 1142 aliquanto
378 1078 515 1129 laudabilius.
545 1083 693 1146 Recognosce
711 1085 777 1136 enim,
794 1097 856 1143 quo-

188 1161 258 1207 usque
272 1145 302 1192 T.
319 1145 436 1193 Volumnii
450 1155 589 1194 constantem
606 1164 661 1210 erga
674 1148 767 1210 amicum
786 1163 856 1194 suurn

187 1211 302 1258 cerionem
320 1211 368 1257 sine
382 1210 427 1258 ullri
441 1212 567 1273 reipublicae
580 1211 660 1275 injurii
674 1211 787 1269 evexeris3
804 1215 855 1272 qui,

112 1295 118 1302 -
188 1282 251 1321 ortus
269 1277 366 1335 equestri
384 1277 442 1330 loco,
460 1293 511 1322 cum
529 1273 566 1323 M.
584 1275 702 1324 Lucullum
718 1277 858 1324 familiariter

189 1340 302 1393 coluisset,
320 1355 416 1402 eumque
426 1341 463 1388 Μ.
474 1341 596 1396 Antonius,
608 1343 659 1403 quis
669 1341 734 1390 Bruti
744 1349 768 1387 et
780 1340 857 1390 Csssii

188 1411 262 1466 partes
273 1411 362 1450 secutus
372 1405 451 1458 fueret,
463 1405 618 1461 interemisset,
631 1407 654 1452 in
665 1404 745 1468 magui
751 1405 858 1468 fugiendi

188 1464 284 1520 licentii,
303 1468 400 1514 exanimi
415 1471 607 1528 amicoadhsesit3
625 1467 772 1532 hucusquein
782 1471 857 1532 lucry-

165 1583 171 1591 „
189 1546 237 1578 mas
245 1537 268 1576 et
279 1532 377 1592 gemitus
387 1533 498 1593 profusus,
511 1542 536 1580 ut
547 1533 614 1583 nimii
623 1536 704 1596 pietate
715 1549 804 1582 eausam
814 1535 858 1581 sibi

189 1593 268 1641 mortis
276 1603 404 1642 arcesseret.
423 1596 492 1652 Nam,
504 1600 735 1661 propterpraecipusm
746 1605 770 1644 et
780 1615 859 1661 perse-

189 1666 305 1705 verantem
313 1659 503 1716 lamentationem,
512 1664 540 1709 sd
548 1664 673 1709 Antonium
779 1679 805 1710 us
812 1671 856 1710 est.

191 1722 263 1785 Cujus
273 1731 390 1785 postquam
401 1726 425 1770 in
436 1734 557 1787 conspectu
567 1728 635 1781 stetit.
654 1734 670 1757 ‘¹
678 1671 810 1782 lrirbemucrl&
820 1729 859 1773 irr-

191 1789 246 1848 qnit,
266 1796 281 1818 ¹⁸
292 1789 419 1850 imperator,
436 1791 539 1851 protinus
555 1791 583 1838 ud
599 1790 688 1838 Luculli
706 1807 789 1856 corpus
806 1807 858 1855 per·

191 1853 290 1908 ductum,
308 1853 392 1900 occidi:
411 1855 561 1914 nequeenim,
572 1856 728 1909 absurntoillo¹
742 1871 859 1918 superesse

191 1917 266 1970 debeo,
273 1933 324 1963 cum
333 1918 354 1964 ei
361 1918 455 1964 infelicis
463 1919 787 1968 militiaeauctorexstiterim.”
797 1921 859 1974 Quid
902 1947 903 1950 =

192 1984 233 2028 hec
244 1982 330 2028 fidelius
344 1981 514 2030 benevolentiis?
531 1983 632 2031 Mortem
647 1985 711 2031 amici
725 1985 798 2032 bostis
808 1986 860 2032 odio
902 1995 903 2040 Τ

193 2047 275 2092 levavit
282 2064 290 2104 ;
307 2047 376 2092 vitam
388 2063 450 2092 suam
462 2048 547 2094 consilii
557 2049 649 2096 crimine
659 2050 790 2096 adstrinxit:
804 2065 861 2111 quo-

193 2127 236 2170 que
245 2111 308 2156 illum
317 2110 496 2158 miserabiliorem
505 2113 612 2167 redderet,
626 2129 650 2160 se
659 2113 712 2160 fecit
719 2114 857 2161 inuisiorem.

193 2173 245 2220 Nec
260 2175 360 2221 difficiles
374 2175 470 2222 Antonii
484 2191 548 2223 aures
559 2179 648 2236 habuit;
665 2178 798 2240 ductusque,
815 2195 861 2240 quo

193 2239 301 2292 voluerat,
310 2238 400 2285 Luculli
408 2240 508 2288 dextram
516 2242 579 2288 avide
588 2239 707 2296 osculatus,
716 2250 792 2305 caput,
802 2243 862 2304 quod

194 2302 304 2348 abscisum
311 2304 405 2364 jacebat.
418 2306 528 2352 subletum
539 2307 622 2368 pectori
634 2322 674 2354 suo
685 2307 805 2369 applicavit
811 2325 819 2365 ς
834 2323 862 2354 ue

193 2365 274 2412 deinde
289 2367 407 2414 demissam
427 2370 534 2416 cervicem
553 2371 645 2418 victoris
663 2371 738 2434 gladio
754 2373 860 2434 praebuit.

195 2428 312 2486 Loquetur
324 2430 414 2477 Graecia
424 2432 518 2487 Thesea,
533 2434 633 2482 nefandis
644 2435 739 2483 Pirithoi
750 2435 863 2482 smonbus

195 2491 375 2546 subscribentem,
396 2495 459 2542 Ditis
481 2513 506 2544 se
526 2499 595 2560 patris
617 2499 692 2562 regnis
712 2501 863 2547 commisisse.

196 2553 257 2598 Vani
268 2561 303 2628 est
314 2555 372 2602 istud
383 2572 479 2615 narrare,
492 2564 554 2610 stulti
565 2563 661 2612 credere.
686 2561 790 2612 Mirtum
799 2580 865 2612 eruo-

196 2630 244 2662 rem
255 2630 384 2674 micorum,
391 2628 417 2668 et
424 2624 552 2675 uulneribus
559 2627 642 2677 ionas
649 2627 748 2684 valuere.
756 2637 868 2678 morsm»
