1828 2982
187 173 238 222 Μ
288 169 370 224 vlla·
380 173 519 224 Maxim
535 173 588 223 Lu.
601 168 634 223 V.
653 171 751 225 caes.

188 301 291 353 ‘'Hanc
304 305 419 354 mutatam
436 303 552 370 proicimus
568 305 673 353 internae
690 304 855 352 beterolentite

185 370 268 431 ῑηᾱιιι
283 371 373 432 excipit.
405 371 466 418 Nam
477 379 502 418 ut
513 371 593 418 merito
603 371 700 432 primum
712 370 794 416 amoris
805 370 857 417 viu·

186 435 262 481 culum
273 435 368 489 ducitur,
378 435 473 498 plurima
480 444 503 482 et
511 437 608 482 maxima
615 434 854 496 beneficiaaccepiccer

187 499 218 544 ite
232 499 359 560 proximum
371 501 465 562 judicari
481 501 546 547 debet
560 501 626 547 simul
639 499 759 560 accepisse
779 497 855 552 Quam

186 564 283 624 copiosae
293 565 354 610 enim
366 565 481 612 suavitatis
491 566 529 612 illa
539 565 662 612 recordatio
672 563 719 611 est!
739 563 768 609 ln
776 563 855 610 edun

186 627 298 674 domicilio
309 636 427 690 antequam
439 645 547 684 nascerer,
565 629 672 676 habitari:
692 629 715 674 in
729 629 809 675 iisdem
822 628 856 673 in-

186 693 300 739 cunabulis
310 693 410 740 infantiae
420 701 522 756 tempora
531 695 622 756 peregi:
640 693 731 740 eosdem
746 693 855 754 appellari

186 764 304 818 parentes:
323 759 400 805 eadem
417 775 458 820 pro
473 774 510 805 me
525 766 579 805 vota
592 759 759 804 excubusrunt:
778 771 853 820 paren

187 835 217 867 ex
227 823 336 884 majorum
347 823 480 888 imaginibus
490 824 585 885 gloriam
593 823 658 869 traxi.
679 821 738 870 Cere
746 833 781 868 est
788 837 852 874 uxor,

187 886 263 932 dulces
273 887 343 940 liberi,
351 889 445 950 jucundi
453 887 525 941 amici,
535 887 620 948 accepti
627 887 717 936 aflines:
732 887 770 932 sed
776 894 854 952 postea

188 951 284 1014 coguitis
294 952 356 998 nulla
365 952 523 1000 benevolentia
533 952 637 1000 accedere
647 951 719 1007 debet.
731 965 783 1013 quse
792 951 852 1014 prio-

189 1031 237 1062 rem
248 1017 371 1064 exhauriat.

220 1079 270 1144 (l.)
287 1081 364 1143 Atque
378 1083 429 1136 hoc,
445 1089 504 1130 teste
518 1081 623 1143 Scipione
636 1080 752 1135 Africano,
767 1080 851 1141 loquore
890 1103 894 1112 =

187 1146 233 1206 qui,
242 1149 330 1193 tametsi
338 1145 461 1194 arctissimi
468 1147 616 1194 familiaritate
621 1145 693 1192 Laelio
698 1146 791 1208 junctus
799 1153 851 1198 erat,

187 1217 286 1258 attamen
301 1219 403 1260 senatum
419 1213 515 1274 supplem
528 1211 606 1264 orauit,
623 1225 652 1257 ne
665 1210 786 1273 provincie
798 1225 850 1262 sors,

186 1274 250 1321 fratri
266 1291 306 1321 suo
321 1285 403 1338 erepta,
418 1276 447 1323 ad
461 1291 512 1323 eum
523 1273 692 1322 transferretur:
711 1275 852 1336 legatumque

186 1353 212 1385 se
227 1339 255 1385 L
274 1341 372 1401 Scipioni
388 1342 411 1386 in
427 1341 505 1388 Asiam
519 1341 602 1386 iturum
617 1339 733 1401 promisit;
750 1347 774 1385 et
784 1341 851 1400 maJor

187 1410 242 1449 natu
253 1405 341 1458 minori,
351 1413 374 1451 et
384 1405 518 1452 fortissimus
525 1405 614 1458 imbelli,
626 1411 649 1450 et
660 1400 732 1466 gloriis
742 1403 850 1450 ursellus
897 1451 898 1458 ,

187 1467 258 1512 laudis
269 1468 337 1528 inopi,
349 1476 379 1522 et,
392 1470 452 1529 quod
462 1485 528 1532 super
539 1469 613 1516 omnia
623 1475 664 1521 eat,
676 1467 777 1514 nondum
788 1467 852 1514 Asis·
897 1465 898 1469 ’

185 1531 240 1583 tico,
253 1533 302 1593 jam
313 1532 441 1579 Africanus.
461 1533 541 1596 Itaque
555 1534 727 1580 clarissimorum
738 1531 852 1595 cognomi·

188 1610 242 1640 num
253 1595 348 1642 alterum
357 1598 443 1652 sumsit,
453 1600 547 1646 alterum
555 1599 629 1655 dedit;
641 1597 790 1659 triumphique
797 1611 852 1659 prte-

188 1666 273 1706 textam
289 1661 354 1722 huius
369 1663 464 1724 excepit,
481 1664 540 1710 illius
555 1663 658 1720 tradidit3
675 1661 801 1709 ministerio
816 1661 852 1708 ali·

185 1732 272 1785 quanto
283 1727 360 1788 major,
372 1741 439 1787 quam
449 1727 518 1774 irater
528 1728 628 1788 imperio.

221 1787 270 1852 (2.)
289 1789 324 1835 Μ.
338 1807 393 1837 vero
405 1791 487 1838 Fabius
498 1793 583 1844 consul,
592 1788 676 1852 inclyti
686 1788 764 1854 pugni
774 1789 850 1838 Etrus

187 1855 220 1901 cis
236 1863 259 1901 et
273 1854 405 1902 Veientibus
420 1857 535 1916 superatis,
552 1856 648 1902 delatum
664 1857 704 1902 sibi
720 1871 809 1902 summo
819 1869 850 1900 ss·

188 1919 254 1966 natis
269 1921 388 1981 populique
399 1921 472 1970 studio
483 1921 619 1982 triumphum
632 1920 715 1967 ducere
728 1935 776 1966 uon
790 1917 850 1966 suab-

188 1985 256 2042 nuit;
274 1985 325 2044 quia
339 2001 367 2031 eo
382 1985 462 2048 proelio
477 1985 510 2039 Q.
524 1984 613 2038 Fabius,
624 1983 693 2031 irater
703 1986 758 2048 ejus,
774 1997 850 2030 contu

186 2050 246 2103 laris,
263 2049 384 2096 fortissime
395 2050 502 2096 dimicans
513 2049 630 2096 occiderat.
661 2049 776 2103 Quantam
790 2049 813 2094 in
825 2061 849 2093 sc

188 2121 279 2175 pectore
289 2115 394 2176 pietatem
405 2114 509 2160 iraternae
520 2115 616 2160 cannis
626 2113 736 2160 habitisse
743 2113 849 2160 emanue·

188 2193 245 2231 mus,
264 2188 434 2241 propterquam
450 2178 579 2242 amplissimi
594 2178 685 2225 honoris
695 2185 771 2225 tantus
780 2176 849 2240 fulgor

188 2243 302 2305 exstingui
313 2243 404 2305 potuit?
687 2297 691 2307 ι
894 2243 895 2248 ’

221 2306 270 2370 (8.)
288 2307 342 2355 Hoc
353 2309 456 2370 exemplo
466 2315 573 2361 vetustas,
585 2308 624 2354 illo
635 2308 742 2354 saeculum
753 2314 848 2353 nostruin

186 2381 290 2418 omatum
302 2379 350 2430 est;
368 2373 404 2419 cui
415 2373 511 2434 contigit
520 2372 740 2434 iratemumJugum,
753 2370 848 2420 Claudiae
893 2407 894 2430 p

187 2436 256 2496 prius,
266 2450 326 2481 nunc
337 2437 402 2483 etiam
411 2436 480 2486 Juliae
490 2437 566 2499 gentis
573 2438 654 2483 intueri
662 2437 737 2484 decus.
755 2435 849 2482 Tantum
893 2467 894 2510 q

187 2499 248 2544 enirn
259 2511 357 2544 amorem
368 2501 478 2561 princeps,
487 2515 610 2562 parensque
621 2507 697 2547 noster
704 2501 795 2546 insitum
805 2499 848 2546 ani·

187 2575 227 2605 mo
240 2559 314 2606 fratria
329 2561 402 2608 Drusi
416 2564 500 2618 habuit,
516 2572 542 2610 ut
558 2580 610 2612 cum
625 2564 706 2618 Ticini,
723 2579 768 2626 quo
783 2564 848 2611 metor

187 2622 286 2694 bostium
305 2623 333 2668 etl
350 2627 532 2686 complectendos
549 2635 652 2691 parentes
672 2635 771 2682 efflent.
790 2626 846 2690 fluvi

188 2684 251 2730 rllum
267 2692 291 2732 et
307 2687 431 2747 periculosi
444 2692 572 2742 valetudine
581 2694 605 2740 in
617 2691 739 2744 Germanii
748 2693 847 2740 fluctuare
