1842 2992
192 138 225 212 rs
298 164 376 214 vnn
390 163 528 215 nsxrur
544 165 631 216 nnn
649 163 746 216 cass.

192 292 279 342 coistis
289 307 359 342 unum
369 295 393 342 in
402 295 478 344 locum
489 295 604 358 utriusque
618 295 687 360 partis
697 289 772 358 capib,
789 307 853 356 gere·
906 317 907 366 2

192 365 268 416 retur3
284 373 332 418 non
353 361 483 408 audentibus
504 360 614 408 Romanis
634 361 737 423 proelium
757 360 851 421 ingredi,
906 367 907 384 ¹

190 423 280 470 eximiae
293 425 453 486 magnitudinis
465 426 556 488 juvenis
569 426 665 488 primum
680 441 719 472 eos
732 425 814 471 bortad
825 425 853 470 sd

192 488 348 548 capessendam
366 488 519 536 fortitudinem
535 491 610 552 ooepit.
635 489 731 543 Deinde,
752 489 788 534 ubi
806 494 852 536 tar·
906 475 907 530 Ῐ

190 550 263 598 diores
274 553 434 608 animadvertit,
453 555 545 616 arreptis
559 554 630 608 scalis,
646 569 686 615 per
695 553 790 601 mediam
800 553 853 598 bos·
906 573 907 612 j

190 614 247 660 tium
263 617 333 663 aciem
349 617 377 664 ad
393 619 502 665 contraria
517 625 589 665 castra
602 619 686 675 evasit3
703 625 732 671 et,
749 618 850 670 admotis,
906 633 907 678 3

189 677 273 726 vallum
285 681 421 728 conscendit.
441 681 498 729 Inde
508 699 564 729 voce
574 683 660 745 ingenti
671 683 793 735 clamitans,
803 679 851 728 isc·
906 689 907 700 ¹

188 749 238 790 tum
248 745 349 793 victmiae
359 747 460 808 gradum,
476 754 500 794 et
513 754 603 793 nostros
614 747 642 794 ad
651 747 723 794 aliens
733 751 805 792 caetra
814 761 852 792 ca·
906 743 907 756 ¹

189 808 275 870 pienda,
291 817 314 857 et
328 809 434 858 Lucanos
448 811 593 872 Bruttiosque
609 812 637 858 sd
652 827 691 858 rua
707 810 850 862 defendenda,

188 871 241 918 illuc
252 875 326 928 traxit,
336 876 372 921 ubi
381 871 500 938 [conserti]
512 875 578 922 dubio
586 877 706 922 certamine
715 876 850 922 terebantur.

189 935 234 983 Sed
244 937 302 986 idem
313 935 409 1002 impulsu
419 955 531 986 annorum
542 955 633 986 suorum
643 947 765 1002 prostratos
775 940 851 985 hostes

184 999 329 1064 jugulandos,
341 1004 508 1066 capiendosque,
521 1003 630 1051 Romanis
640 1003 735 1050 tradidit.
762 1003 852 1065 Viginti
906 1039 907 1070 3

187 1065 247 1112 enim
258 1069 327 1116 millia
337 1083 410 1126 oaesa3
422 1069 598 1130 quinquemillia
608 1083 659 1115 cum
670 1069 743 1116 Statio
755 1068 849 1121 Statilio,

187 1131 244 1180 duce
254 1133 370 1195 utriusque
380 1135 461 1196 gentis,
473 1141 497 1180 et
506 1134 576 1180 tnbus
585 1140 652 1194 atque
660 1133 740 1194 viginti
751 1131 851 1178 militari·
906 1127 907 1168 ἶ

186 1195 228 1242 bus
243 1197 320 1260 signis,
332 1205 466 1260 captssunt.
492 1197 587 1244 Postero
598 1198 694 1244 diecum
705 1197 851 1243 consulinter
906 1191 907 1196 ’

186 1260 335 1316 honorandos,
352 1277 448 1322 quorum
464 1260 555 1308 strenui
564 1260 712 1324 operifuerat
726 1276 787 1314 usus,
802 1261 851 1308 val-

186 1321 256 1370 iarem
271 1341 376 1372 coronam
392 1326 412 1372 ei
429 1341 454 1372 se
470 1341 558 1372 servare
574 1327 672 1380 dixisset,
689 1341 762 1386 aquo
778 1332 851 1374 castra
906 1329 907 1382 l

186 1395 251 1434 erant
261 1405 372 1451 oppressa,
389 1403 431 1436 uso
441 1389 584 1445 inveniretur,
602 1391 640 1451 qui
649 1391 673 1436 id
682 1391 798 1452 praemium
809 1405 850 1451 ps-
906 1389 907 1402 ³

186 1457 244 1498 teret
250 1469 258 1509 ς
274 1453 389 1514 cognitum
400 1453 489 1514 pariter,
501 1461 567 1515 atque
577 1455 684 1504 creditum
695 1461 736 1508 est,
749 1453 849 1501 Martem
906 1451 907 1456 ’

184 1525 270 1578 patrem
281 1523 335 1564 tunc
341 1517 424 1578 populo
433 1533 474 1566 suo
484 1518 580 1566 affuisse.
599 1518 662 1566 Inter
670 1525 750 1566 caetera
758 1520 850 1581 hujusce

185 1580 217 1626 rei
232 1580 350 1628 manifeste
362 1581 449 1637 indicia,
464 1584 528 1645 galea
541 1598 637 1644 quoque,
649 1584 732 1630 duabus
746 1583 850 1630 distincta
906 1609 907 1614 =

184 1644 265 1705 pinnis,
277 1644 322 1706 qui
330 1646 421 1694 eoeleste
431 1655 497 1709 caput
507 1655 591 1694 tectum
601 1647 680 1701 fuerat,
692 1655 848 1709 argumentum

183 1709 285 1770 praebuit.
304 1707 383 1771 Itaque
394 1709 489 1758 Fabricii
499 1713 578 1766 edicto,
591 1713 720 1774 supplicatio
731 1711 803 1761 Marti
814 1719 849 1758 est
906 1743 907 1754 ,

183 1773 271 1832 babita;
283 1780 306 1820 et
316 1789 330 1822 a
339 1775 443 1823 laureatis
453 1777 558 1823 militibus
568 1775 651 1838 magni
661 1792 712 1822 cum
723 1776 848 1824 animorum

184 1836 262 1886 letitia
273 1839 339 1886 oblati
349 1841 425 1887 auxilii
435 1841 586 1888 testimonium
598 1841 618 1888 ei
628 1847 663 1888 est
673 1840 789 1888 redditum.

160 1961 162 1965 Ι
216 1901 265 1968 (7)
282 1903 388 1952 Referam
405 1921 471 1960 nunc,
489 1906 555 1966 quod,
573 1921 614 1952 suo
625 1906 707 1952 saeculo
722 1905 846 1966 cognitum,
906 1923 907 1932 ¹

182 1969 281 2016 manavit
289 1969 318 2016 ad
327 1977 436 2031 posteros,
449 1969 546 2016 Penates
552 1968 618 2016 Deos
625 1969 721 2016 AEneam
728 1967 798 2032 Trojri
808 1970 847 2016 ad-

182 2042 260 2081 vectos
275 2033 364 2092 Lauinii
375 2033 509 2082 collocisse:
527 2035 578 2080 inde
588 2035 615 2081 ab
626 2033 724 2082 Ascanio
738 2033 784 2079 tilio
799 2036 854 2096 eJua'

182 2098 271 2153 Albam,
288 2113 354 2160 quarn
369 2099 416 2160 ipse
426 2098 560 2148 condiderat,
573 2100 671 2152 tralatos,
682 2097 800 2160 pristinum
812 2113 847 2145 sa·

181 2161 410 2225 crariumrepetisse3
428 2170 457 2217 et,
475 2163 526 2224 quia
535 2163 558 2208 id
569 2161 666 2210 humani
681 2161 847 2209 manufactum

181 2227 301 2274 existimari
315 2233 409 2290 poterat,
427 2229 508 2286 relatos
523 2227 612 2280 Albam,
629 2228 767 2275 voluntatem
783 2241 846 2274 suam

180 2291 251 2337 altero
262 2292 356 2338 transitu
365 2291 508 2354 significisse.
528 2291 578 2342 Nec
586 2307 623 2338 me
629 2292 735 2354 praeterit,
745 2293 773 2338 de
781 2299 849 2338 motu

180 2361 204 2400 et
214 2369 270 2400 voce
277 2352 380 2402 Deorum
391 2357 549 2404 immortalium
560 2357 662 2403 humanis
669 2356 846 2403 oculisauribus-

181 2426 359 2530 iiieii‘psii
371 2435 437 2546 Ἣ
450 2421 708 2533 ilnmdl'iiaiiliiie
759 2421 847 2532 ibid

283 2515 288 2528 ¹
360 2515 366 2538 Ι
691 2517 697 2540 l

181 2553 317 2607 repetuntur,
334 2546 400 2595 fldem
418 2558 520 2598 auctores
538 2551 663 2598 vindicent:
689 2557 790 2596 nostrum
808 2549 845 2602 sit,

180 2611 270 2672 inclyn's
282 2612 395 2660 literarum
410 2616 553 2664 monimentis
564 2623 699 2668 consecrata,
712 2613 803 2676 perinde
819 2629 846 2662 ac

114 2695 121 2724 r
180 2689 243 2732 vana,
257 2691 302 2724 non
313 2677 429 2742 refugisse.
