1828 2982
181 209 262 260 val..
276 209 416 261 maxum
432 207 486 259 Lm.
498 207 544 259 Vl.
564 209 624 262 Car.
636 215 660 259 2.
712 219 760 268 227

77 351 148 400 quam
161 335 222 388 Cato
233 337 282 384 sine
292 337 399 386 libertate.
428 337 498 394 Nom,
517 353 569 387 cum
582 339 606 386 in
622 345 756 394 senatorem,

78 410 201 451 nocentem
212 409 236 450 et
246 401 359 458 infamem,
377 419 441 451 reum
452 405 525 467 judex
540 405 640 460 sedisset,
657 406 756 453 tabellae·

77 485 124 530 que
137 467 182 516 Cn.
195 467 305 530 Pompeii,
317 468 466 516 laudationem
477 471 526 532 eJ'us
537 470 685 524 confluentes,
701 485 755 532 pro·
845 509 847 512 .
900 513 902 520 ,

77 533 133 580 latae
150 539 234 587 essent,
250 533 396 596 proculdubio
414 533 514 582 efficaces
524 533 607 582 suturae
617 551 658 597 pro
669 536 756 594 noxio;

77 598 195 645 submovit
206 613 244 644 eas
255 613 268 644 e
279 599 411 659 questione,
423 600 497 661 legem
509 601 630 654 recitando,
647 599 691 662 qui
702 601 755 647 dau-

77 669 129 710 tum
138 669 194 717 erat,
207 677 237 709 ne
248 663 386 710 senatoribus
397 664 435 710 tali
447 665 530 710 auxilio
542 666 574 711 uti
585 666 669 712 liceret.
689 665 754 712 Huic

75 727 140 774 facto
150 742 247 788 persona
257 729 425 775 admirationem
434 729 526 776 ademit:
541 745 600 782 nam,
613 745 665 790 quaa
675 731 699 776 in
710 731 754 778 alio

77 791 171 840 audacia
181 792 302 846 videretur,
314 793 337 838 in
350 791 439 841 Catone
449 793 530 841 fiducia
540 795 693 856 cognoscitur.

113 855 162 920 (6.)
182 855 227 904 Cn.
250 856 362 905 Lentulus
382 857 530 906 Marcellinus
550 860 635 912 consul,
658 875 709 906 cum
728 859 756 924 in

78 922 190 969 concione
200 922 229 968 de
239 921 322 984 Magni
335 921 436 984 Pompeii
453 921 522 969 nimii
537 921 638 985 potentii
648 939 754 984 querere-

77 995 124 1041 tur,
143 1001 294 1047 assensusque
308 987 328 1033 ei
345 987 404 1034 clani
415 1003 472 1036 voce
483 989 601 1035 universus
611 990 706 1050 populus
717 1005 754 1036 es·

78 1059 130 1109 aet;
150 1058 167 1080 “
181 1049 338 1106 Acclamate,’'
356 1053 436 1113 inquit,
458 1059 474 1082 “
487 1051 603 1110 Quiritem
623 1053 752 1108 acclamate,

77 1118 133 1163 dum
145 1117 213 1163 licet:
230 1117 279 1179 jam
295 1117 355 1164 enirn
371 1118 435 1164 vobis
451 1117 543 1178 impune
557 1117 632 1164 facere
642 1132 688 1162 non
699 1117 753 1164 lice-

77 1180 139 1228 bit.”
157 1180 251 1228 Pulsata
260 1187 296 1228 est
306 1188 360 1228 tunc
372 1181 447 1229 eximii
462 1181 518 1228 civis
528 1181 636 1244 potentia,
654 1182 706 1228 hinc
717 1183 752 1228 in·
819 1203 821 1209 v

77 1243 167 1295 vidiosi
177 1244 274 1307 quereld,
286 1247 339 1294 hinc
349 1247 510 1294 lamentatione
521 1247 647 1293 miserabili.

112 1308 163 1374 (7.)
182 1309 227 1359 Cui
235 1309 328 1358 candidi
338 1309 407 1360 fascia
418 1327 469 1358 crus
480 1313 596 1374 alligatum
606 1309 696 1358 habenti
707 1309 753 1358 Fa-

77 1377 169 1428 venius,
188 1382 204 1406 ‘⁴
212 1375 268 1422 Non
278 1375 373 1430 refert‚'’
384 1377 463 1438 inquit,
477 1383 493 1406 ‘⁶
502 1374 547 1438 quia
560 1377 582 1422 in
597 1383 660 1438 parte
672 1392 754 1439 corpo-

77 1443 110 1489 ris
122 1441 152 1488 sit
163 1440 263 1487 diadema
269 1439 296 1498 ;‘’
314 1442 390 1503 exigui
405 1441 473 1504 panni
487 1442 628 1490 cavillatione
644 1443 718 1504 regias
731 1443 753 1489 ei

76 1507 140 1555 vires
150 1506 294 1568 exprobrans.
313 1506 348 1552 At
357 1507 384 1560 is,
396 1503 476 1554 neutri
484 1507 507 1552 in
515 1514 579 1570 parte
586 1513 672 1554 mutato
678 1507 753 1564 vultu,

78 1579 202 1632 aaronque
212 1571 279 1626 cavit,
299 1585 328 1618 ne
345 1579 384 1618 aut
397 1572 462 1619 hilari
477 1572 553 1620 fronte
564 1573 659 1620 libenter
669 1588 753 1635 agnos-

75 1652 141 1685 cere*
150 1636 281 1698 potentiam,
301 1643 340 1682 aut
355 1637 414 1684 tristi
431 1637 487 1684 iram
498 1637 605 1700 profiteri,
620 1637 748 1684 videretur:

75 1700 153 1762 eique
169 1699 277 1762 patientiai
293 1700 405 1748 inferioris
423 1702 489 1748 etiam
508 1702 598 1764 generis
614 1708 637 1748 et
654 1702 753 1749 fortunae

78 1766 208 1814 bominibus
219 1766 303 1812 aditum
315 1767 421 1813 adversus
432 1781 457 1813 se
467 1767 534 1813 dedit.
562 1767 585 1814 E
596 1777 693 1828 quornm
703 1774 752 1814 tur-

78 1830 109 1880 bi
120 1831 177 1878 duos
188 1831 291 1878 retulisse
302 1831 389 1877 abunde
399 1831 448 1877 erit.

114 1893 162 1959 (6.)
180 1894 279 1942 Helvius
297 1895 391 1942 Mancia
407 1893 551 1948 Formianos,
569 1893 666 1940 libertini
683 1893 750 1949 iilius,

76 1962 168 2010 nltimae
179 1961 308 2015 senectutis,
327 1960 356 2007 L.
372 1959 483 2007 Libonem
501 1959 560 2021 apud
570 1973 675 2005 censores
686 1975 752 2006 accu-

77 2029 150 2075 sabat.
170 2024 199 2072 In
210 2041 255 2087 quo
269 2027 391 2073 certamine
401 2040 453 2072 cum
462 2023 585 2086 Pompeius
595 2023 698 2086 Magnus
709 2025 751 2070 hu·
801 2024 811 2044 '⁸

74 2092 197 2140 militatem
208 2091 236 2145 ei,
250 2097 384 2153 aetatemque
397 2090 541 2153 exprobrans,
559 2090 586 2136 ab
599 2087 677 2135 inieris
687 2087 750 2134 illurn

73 2158 106 2205 ad
117 2155 269 2204 accusandum
277 2157 395 2203 remissum
403 2155 511 2202 dixisset:
531 2153 612 2200 “Non
622 2151 750 2206 mentiris,”

72 2221 159 2284 inquit,
178 2219 313 2283 “Pompeis
333 2223 401 2268 venio
417 2221 477 2268 enim
488 2221 516 2267 ab
525 2219 618 2276 inferis3
635 2217 659 2263 in
671 2215 700 2264 L.
709 2215 751 2262 Li.

72 2287 160 2336 nonen
176 2293 294 2334 accusator
309 2287 391 2334 venio:
414 2287 454 2334 sed
470 2285 524 2332 dum
542 2285 587 2332 illic
602 2298 686 2336 moror,
706 2281 752 2330 vidi

72 2358 197 2402 cruentum
218 2349 263 2400 Cn.
283 2349 412 2398 Domitium
427 2351 601 2399 Ahenobarbum
621 2346 749 2403 deflentem,

91 2417 146 2472 uod,
159 2431 248 2463 summo
256 2431 343 2480 genere
352 2424 426 2472 natus,
438 2417 590 2478 integerrimae
600 2414 661 2468 vitae,
674 2427 751 2460 aman·

73 2434 178 2531 dadinus
188 2481 274 2544 patriae,
287 2482 311 2528 in
321 2483 370 2544 ipso
376 2481 504 2545 juventutis
514 2481 577 2535 flore,
590 2486 630 2526 tuo
636 2481 703 2542 jussu
715 2493 751 2525 es-

75 2555 112 2596 set
122 2546 218 2594 occisus.
243 2545 298 2594 Vidi
308 2547 355 2610 puri
372 2539 472 2594 clarilate
488 2546 633 2608 conspicuum
642 2544 749 2596 Brutum,

75 2613 137 2661 ferro
147 2613 277 2666 laceratum,
296 2617 426 2672 querentem
437 2612 461 2658 id
472 2611 512 2658 sibi
522 2611 584 2673 prius
595 2606 693 2672 perfidiis,
711 2608 750 2654 de-

75 2679 129 2726 inde
140 2677 209 2724 amm
223 2676 354 2724 crudelitate
364 2674 404 2725 tui
415 2676 529 2726 accidisse.
555 2674 609 2721 Vidi
628 2673 672 2723 Cn.
691 2671 749 2721 Car-

75 2746 168 2798 bonem,
187 2742 320 2792 mansuum
337 2742 439 2805 pueritiae
456 2747 502 2790 tuae
516 2735 751 2803 bonorumquepauia

488 2809 528 2852 20
540 2810 564 2868 8¹,
