1820 2982
157 147 191 192 02
263 143 344 196 val.
353 143 492 194 Mnxtnss
508 141 561 194 Lu.
572 141 607 193 11.
626 143 685 196 Car.
697 135 720 196 92

189 272 242 339 (l.)
258 273 367 324 Camillus
377 282 400 322 et
411 273 542 322 Postumius
552 289 663 330 censores,
682 289 733 328 aera,
750 263 845 337 poense‘
870 234 873 338 l

158 339 257 393 nomine,
269 356 316 392 eos,
328 341 369 400 qui
380 341 409 386 ad
420 347 558 388 senectutem
568 341 658 386 ooelibes
668 345 826 402 pervenerant,
871 340 874 392 l

158 405 183 452 in
194 405 296 450 aerarinm
308 404 393 452 deleme
405 407 536 468 jusserunt3
553 405 633 452 itemm
647 405 720 466 puniri
734 404 826 466 dignos,

159 469 178 516 si
189 483 234 529 quo
244 469 312 514 modo
321 469 403 516 detarn
409 467 473 532 justi
482 470 642 516 constitutione
649 469 711 530 queri
722 477 776 515 sunt
786 483 827 514 su-

159 533 193 590 nit
210 547 262 579 cuns
280 533 304 578 in
322 534 383 581 hunc
400 535 492 580 modum
509 535 688 596 increparentur:
709 539 725 563 ‘³
736 527 827 579 Nalura

155 597 230 650 rabis,
247 598 433 658 quemadmodum
445 599 556 653 nascendi,
574 600 606 645 ita
623 598 731 660 gignendi
748 597 824 658 legem

158 662 249 719 scribit3
265 670 418 724 parentesque,
429 679 471 710 vos
482 663 568 716 alendo,
577 669 684 724 nepotum
695 662 826 708 nutriendo-

158 741 209 772 rum
220 726 294 774 debito
305 727 336 790 (si
347 728 396 789 quis
407 736 442 775 est
451 725 535 790 pudor)
549 727 702 790 alligaverunt.
729 725 826 772 Accedit

158 790 201 844 his,
220 791 279 852 quod
296 793 363 838 etism
380 791 471 839 fortuni
487 793 578 854 longam
596 790 716 853 praestandi
733 792 827 852 hujusce

158 857 259 920 muneris
276 857 443 904 advocationem
462 857 516 903 estis
534 856 646 914 assecuti;
666 869 718 902 oum
736 855 827 901 interim

160 921 273 966 consumti
284 922 329 968 sint
339 922 391 968 anni
408 922 484 974 vestrl,
502 928 526 968 et
540 921 613 966 mariti
624 927 647 967 et
658 920 725 981 patris
737 920 828 966 nomino

158 985 232 1032 vacui.
248 984 284 1032 lte
294 987 370 1054 igitur,
386 993 409 1033 et
421 983 551 1050 [nodosam]
562 985 671 1032 exsolvite
682 984 769 1047 stipem,
782 983 828 1031 uti·

159 1049 205 1098 lern
215 1051 340 1112 posteritati
350 1066 484 1098 numerosae.

193 1113 242 1179 (2.)
260 1115 352 1162 Horum
369 1116 509 1163 severitatem
521 1113 557 1162 Μ.
566 1113 670 1161 Valerius
680 1111 746 1160 Max.
759 1119 783 1160 et
794 1111 823 1161 0.

158 1177 242 1229 Junius
253 1179 368 1227 Bubulcus
379 1179 471 1234 Brutus,
490 1193 600 1233 censores,
619 1180 642 1224 in
660 1178 769 1225 consimili
785 1193 827 1239 ge-

158 1259 214 1292 nere
234 1245 431 1292 animadversionis
449 1245 536 1298 imitati,
556 1243 586 1290 L.
604 1243 728 1290 Antonium
748 1249 827 1290 senatu

159 1316 286 1361 moverunt,
294 1309 361 1368 quod,
369 1323 435 1370 quam
444 1309 554 1370 virginem
562 1309 585 1353 in
594 1308 759 1354 matrimonium
768 1308 826 1353 dux-

159 1379 214 1426 erat,
226 1369 369 1433 repudiisset,
389 1373 451 1418 nullo
462 1373 583 1419 amicorum
593 1373 617 1418 in
632 1372 748 1418 consilium
763 1371 826 1418 adhi-

159 1437 215 1486 bito.
237 1435 271 1482 At
282 1437 325 1482 hoo
336 1436 419 1482 crimen
430 1438 506 1484 nescio
520 1451 549 1484 an
560 1437 767 1498 superiore-majus:
786 1436 825 1482 illo

159 1514 256 1560 namque
264 1500 389 1561 conjugalia
399 1515 462 1546 sacra
472 1508 546 1562 spreta
556 1508 650 1555 tantum,
662 1502 705 1547 hoc
713 1501 780 1547 etiam
790 1501 826 1546 in-

155 1565 243 1627 juriose
258 1570 352 1610 tractata
368 1571 428 1611 sunt·
447 1565 540 1626 Optimo
554 1581 609 1628 ergo
621 1565 706 1628 ¹iudicio
722 1580 826 1614 censores

158 1629 278 1690 indgnum
289 1643 341 1674 eum
350 1627 412 1674 aditu
422 1629 491 1676 curlae
501 1630 691 1676 existimavemnt.

192 1689 242 1757 (8.)
253 1692 316 1739 Sicut
327 1691 363 1738 M.
373 1691 468 1740 Porcius
479 1692 539 1743 Cato
550 1693 580 1740 L.
591 1693 749 1749 Flamininum,
759 1697 826 1756 quani

159 1772 277 1808 enumero
289 1765 415 1806 senatorum
424 1759 520 1813 sustulit,
532 1759 585 1820 quia
594 1759 618 1805 iu
628 1757 742 1821 provincii
749 1774 826 1820 quern-

158 1823 211 1872 dam
226 1822 354 1870 damnatum
366 1824 437 1872 securi
451 1831 597 1886 percusserat,
616 1832 716 1886 tempore
727 1823 827 1886 supplicii

160 1889 189 1936 ad
201 1888 314 1936 arbitrium
326 1895 349 1935 et
359 1889 509 1950 spectaculum
522 1887 666 1944 mulierculae,
678 1889 741 1951 cnjus
752 1903 828 1935 amore

159 1954 282 2018 tenebptur,
294 1954 372 2001 electo.
391 1951 425 2000 Et
434 1960 524 2014 poterat
533 1953 626 1999 inhiberi
634 1961 735 2016 respectu
746 1967 827 2000 consu-

157 2019 226 2072 iatils,
238 2033 304 2079 quem
319 2018 456 2079 ingesserat,
469 2025 536 2078 atque
550 2018 681 2065 auctoritate
694 2017 769 2064 fratris
779 2019 827 2080 eJus

160 2081 205 2146 [V.
217 2081 260 2148 C·]
277 2081 307 2129 Τ.
321 2081 449 2128 Flaminini.
469 2081 514 2128 Sed
524 2089 547 2129 ct
561 2097 648 2136 censor,
667 2089 690 2129 et
701 2080 767 2136 Crto,
785 2083 828 2129 du-

157 2148 211 2219 plex
223 2147 346 2195 severitatis
356 2147 490 2208 exemplum,
508 2161 536 2193 eo
546 2147 619 2208 magis
629 2147 692 2193 illum
703 2146 826 2193 notandum

158 2212 244 2266 statuit,
256 2211 316 2272 quod
326 2211 455 2273 amplissimi
466 2211 557 2258 honoris
564 2213 702 2274 majestatem
711 2218 757 2258 tam
768 2219 827 2258 tetro

157 2275 257 2323 facinore
267 2275 427 2335 inquinaverat,
443 2291 485 2322 nec
495 2276 558 2338 pensi
569 2276 669 2329 duxerat,
681 2275 760 2322 iisdem
770 2276 827 2322 ima·

177 2339 249 2384 'nibus
263 2339 356 2384 adscribi
373 2341 495 2386 meretricis
510 2341 587 2387 oculos
603 2333 828 2405 humnno'sanguino

159 2355 288 2454 laceratos,
301 2409 323 2448 et
335 2404 395 2465 regis
406 2403 502 2467 Philippi
513 2405 622 2466 supplices
633 2419 720 2452 manus.

205 2461 238 2524 4.)
261 2465 322 2519 Quid
340 2467 367 2513 de
389 2467 484 2516 Fabricii
504 2468 597 2520 Luscini
615 2466 709 2516 censuri
727 2467 827 2530 loquar?

159 2527 269 2577 Narravit
279 2529 352 2576 omnis
362 2537 423 2584 aetas,
436 2540 460 2579 et
469 2534 573 2596 deinceps
581 2535 683 2588 narmbit,
692 2534 755 2580 abeo
767 2530 828 2581 Cor·

160 2593 243 2641 nelium
263 2592 379 2648 Rufinum,
400 2595 485 2644 duobus
508 2598 658 2645 consulatibus
677 2606 700 2644 et
718 2594 827 2644 dictatori

159 2655 321 2722 spedonssime
334 2657 444 2714 functum,
463 2662 523 2723 quod
538 2661 614 2711 &cem
631 2662 705 2726 pondo
722 2675 828 2710 vrsano·

776 2912 780 2915 .
788 2904 877 2913 --·---’--
884 2899 895 2907 ·’
