1842 2992
166 167 201 214 46
276 163 353 213 VAL.
367 163 504 236 Maxnul
520 164 574 214 Lm.
588 163 608 212 1.
626 161 687 214 Car.
701 166 727 210 8:

168 301 192 340 et
203 309 285 342 numen
297 292 437 342 obtrectisse.
459 293 506 342 Hic
517 310 568 342 cum
579 295 627 358 ejus
638 291 704 340 studii
714 294 779 342 esset
791 303 835 334 ω·

164 360 203 421 jus
210 358 346 420 professores
354 360 464 420 Sophiam
475 367 590 410 vocantur,
602 359 684 420 ineptae
691 365 714 404 et
722 353 836 402 mordacia

170 423 317 484 opinationis;
334 423 461 485 Apollinem
477 423 573 485 Delphis
587 421 690 468 irridendi
701 417 768 468 causi
777 432 835 464 can-

170 487 244 540 suluit,
262 487 301 533 An
312 503 393 548 equum
405 489 504 534 invenire
512 487 605 550 posset?
616 501 667 534 cum
678 486 769 532 omuino
780 481 833 528 nul·

169 552 217 598 lurn
227 552 346 598 habuisset.
377 550 448 614 Cujus
459 567 487 598 ex
498 553 587 599 oraculo
596 551 680 598 reddita
689 565 735 597 vox
745 555 786 600 eat,
796 546 835 592 ln·

169 623 288 662 venturum
297 631 384 678 equum,
397 617 436 663 sed
445 625 504 663 uteo
515 618 654 680 perturbatus
661 615 749 677 periret
776 609 834 658 Inde

170 695 221 726 cum
231 680 378 741 jocabundus,
390 681 452 741 quasi
465 679 541 728 delusi
556 695 666 728 sacrarum
677 679 770 726 sortium
779 675 835 728 lida,¹

170 752 324 798 reverteretur,
341 745 418 791 incidit
429 746 453 790 in
464 761 540 807 regem
552 745 661 798 Attalum,
679 755 833 806 saepenumero

169 825 183 855 a
194 823 218 854 se
226 809 392 856 contumeliosis
400 809 463 856 dictis
470 811 582 856 absentem
589 809 730 864 lacessitum
742 808 835 870 eJ'usque

165 873 238 935 jussu,
257 889 318 927 saxo,
336 874 372 920 cui
387 889 468 920 nornen
483 882 530 920 erat
546 873 613 934 Equi,
631 872 785 934 praecipitatus,
805 869 834 916 ad

171 935 236 985 Deos
245 939 454 999 usquecavillandos
466 938 574 986 dementis
584 937 651 986 animi
657 938 719 1000 justa
730 934 836 998 supplicia
886 951 890 960 ·

228 1003 282 1049 adit.

170 1017 253 1130 pelli.)
275 1066 363 1114 Eodem
380 1067 469 1114 oraculo
488 1066 639 1114 Macedonum
659 1080 698 1113 rex
719 1063 834 1126 Philippus

171 1131 303 1186 admonitus,
328 1140 353 1178 ut
371 1147 385 1179 a
403 1131 517 1193 quadrigar
535 1129 640 1178 uiolentid
658 1131 752 1178 salutern
771 1142 834 1174 suam

171 1197 299 1250 custodiret,
317 1203 365 1242 tuto
376 1211 446 1257 regno
457 1196 553 1257 disjungi
568 1211 646 1242 currus
651 1195 726 1258 jussit,
739 1207 835 1253 eumque

170 1261 253 1312 locum,
271 1261 309 1320 qui
320 1261 343 1306 in
354 1258 444 1306 Boeotit
461 1259 577 1322 Quadriga
591 1267 690 1312 vocatur,
704 1273 790 1320 semper
801 1257 835 1303 vi-

171 1325 240 1370 tavit:
255 1339 296 1369 nac
307 1331 381 1370 tamen
392 1324 545 1371 denuntiatum
556 1325 646 1386 periculi
654 1339 726 1387 genus
737 1321 831 1383 effugitr

172 1403 224 1434 narn
233 1387 354 1434 Pausanias
362 1387 385 1432 in
396 1387 474 1449 capulo
484 1388 560 1451 gladii,
569 1404 613 1450 quo
621 1404 673 1436 eum
681 1387 768 1442 occidit,
780 1400 835 1448 qua·

172 1451 258 1514 drigam
270 1452 345 1498 habuit
355 1451 463 1498 caelatum.
908 1477 909 1487 ι

205 1513 270 1579 (10.)
288 1515 348 1569 Quae
365 1522 410 1562 tam
427 1517 529 1578 pertinax
547 1517 666 1564 necessitas
684 1517 708 1564 in
726 1522 796 1579 patre,
813 1520 836 1562 ct
907 1545 908 1549 =

171 1579 218 1628 lilio
229 1579 358 1627 Alexandro
365 1581 485 1628 consimilis
494 1582 606 1644 apparuitc
620 1582 728 1644 siquidem
737 1579 835 1629 calanus

171 1642 242 1691 Indus
256 1641 297 1691 sud
311 1651 391 1707 sponte
405 1661 429 1692 sc
444 1645 528 1692 ardenti
544 1662 601 1708 rogo
614 1647 782 1710 superjacturua,
798 1644 835 1690 in-

171 1708 300 1770 terpellatus
318 1710 397 1764 abeo,
414 1711 493 1772 ecquid
511 1718 549 1758 aut
568 1711 689 1766 mandaret,
706 1717 745 1758 aut
763 1709 836 1755 dicere

171 1773 254 1832 vellet3
272 1780 288 1804 ‘⁴
299 1772 369 1821 Brevi
380 1773 428 1829 le,'‘
444 1775 522 1836 inquit,
542 1781 557 1805 “
565 1773 670 1822 videbo.”
694 1774 744 1821 Nec
755 1774 778 1820 id
788 1774 836 1820 aine

171 1835 245 1894 causd,
263 1839 315 1900 quia
324 1839 473 1888 voluntarium
488 1841 536 1902 ejus
551 1855 564 1887 e
578 1837 624 1887 vita
635 1853 750 1888 excessum
762 1837 836 1900 rapida

171 1917 232 1953 mors
243 1902 365 1952 Alexandri
376 1905 494 1952 subsecuta
504 1911 546 1951 est.

205 1965 270 2032 (ll.)
287 1967 374 2031 lle'gios
392 1969 494 2015 interitus
511 1968 664 2030 magnitudine
682 1967 782 2014 miraculi
800 1981 836 2014 ra-
900 1979 901 1990 ³

171 2033 240 2095 migis
252 2048 317 2080 casus
328 2039 414 2094 aequat3
432 2047 499 2094 quem
510 2033 533 2077 in
544 2033 626 2080 hexere
636 2032 756 2094 Tyriorum
767 2032 836 2078 senti-
899 2047 900 2050 ¹

169 2112 222 2144 nam
233 2097 378 2151 haurientem,
390 2111 441 2143 cum
453 2113 466 2143 a
477 2097 528 2144 navi
539 2095 621 2144 fluctus
632 2097 753 2160 abJecissat,
765 2096 834 2144 altero

170 2161 240 2210 latere
254 2176 415 2224 repercussum,
430 2159 513 2208 fluctus
530 2162 652 2208 contrarius
667 2162 691 2207 in
705 2175 785 2208 navem
800 2175 835 2208 re·
897 2177 898 2181 ¹

172 2227 231 2272 tulit.
250 2224 329 2286 Itaque
339 2226 413 2272 miseri
424 2225 837 2290 simulacieliciscomplorationiper·
896 2221 897 2245 ¹

171 2290 243 2336 mixta
252 2289 295 2336 luit
306 2291 432 2351 gratulatio.
894 2277 896 2338 ,¹

204 2351 271 2416 (ln.)
290 2353 351 2406 Quid
361 2354 417 2400 illa?
433 2369 509 2400 nonna
520 2354 613 2402 ludibria
624 2361 710 2402 naturae
720 2354 743 2399 iu
758 2369 837 2416 corpo-

172 2416 233 2464 ribus
247 2417 348 2466 humanis
362 2417 431 2466 luisse
447 2419 556 2466 credenda
570 2419 639 2466 sunt?
655 2418 774 2466 tolerabilia
789 2419 837 2480 qui-

173 2479 231 2534 dem,
249 2480 301 2540 qula
316 2479 401 2528 saevitid
413 2491 546 2542 caruenmt;
563 2491 668 2530 caeterum
681 2483 761 2544 etipsa
770 2484 837 2529 mira-

173 2544 229 2591 culis
240 2545 410 2593 annumeranda.
436 2545 497 2594 Nam
508 2547 634 2603 etPrusiae,
647 2547 836 2611 regisBithyniae,
890 2577 891 2623 p

172 2607 239 2661 illius,
256 2608 334 2656 eodem
345 2610 435 2658 nominc
452 2627 498 2672 quo
508 2619 576 2674 pater,
594 2629 635 2675 pro
646 2612 752 2675 superiori
762 2611 838 2658 ordine
889 2647 890 2687 p

174 2673 280 2728 dentium,
299 2688 367 2721 unum
379 2691 405 2722 os
415 2676 529 2739 aequaliter
537 2685 652 2726 extentum
665 2677 745 2733 habuit,
758 2690 799 2724 nec
808 2677 836 2724 ad
888 2699 889 2702 ¹
