1820 2982
169 155 247 206 VAL
259 152 396 206 ΜᾹΧΙΜΙ
414 155 466 206 lus.
481 155 512 206 V.
532 155 592 208 Cir.
606 161 627 206 1·
686 156 730 208 '181

61 287 179 342 omnibus,
191 287 228 350 qui
239 301 288 335 eam
299 287 431 350 contingere
440 289 532 342 vellent,
545 287 651 350 porrexit.
678 285 738 342 Quis

62 361 142 402 autem
154 353 215 400 illam
226 353 320 400 osculari
331 367 377 399 non
388 360 493 407 curreret,
505 369 563 414 quae,
575 355 624 416 jam
638 351 685 399 iata
697 369 738 414 op-

62 433 151 481 pressa,
161 418 253 464 maximi
261 418 373 464 exercitis
381 419 514 480 complexui,
524 419 662 464 humanitate
670 432 737 478 quam

64 483 149 546 spiritu
160 483 276 536 viridiore,
288 481 392 528 suffecit?

66 569 71 576 ·
98 546 151 611 (2.)
171 546 226 593 Non
243 554 290 592 tam
305 547 390 593 robusti
404 547 494 608 generis
508 548 641 601 humanitas,
660 547 738 594 sedet

61 613 117 675 ipsa
133 619 210 658 manen
229 608 337 657 memorii
353 613 513 672 prosequenda,
533 612 644 658 Pisistrati
664 612 738 658 Athe·

62 677 180 723 niensium
191 676 293 736 tyrsum,
310 676 448 722 narrabitur:
473 676 519 736 qui,
540 691 591 723 cum
607 677 738 723 adolescens

63 741 166 802 quidam,
177 755 254 787 amore
263 739 316 786 tiliae
326 743 374 802 ejus
385 740 479 802 virginis
489 755 603 794 accensus,
615 741 639 786 in
649 740 738 802 publico

63 805 156 852 obviam
168 805 208 852 sibi
218 803 300 851 iactam
311 805 424 852 osculatus
434 813 501 858 esset,
511 806 614 851 hortante
623 820 699 860 uxore,
711 813 737 851 ut

64 871 95 917 ab
109 885 138 916 eo
153 869 247 930 capitale
261 869 392 930 supplicium
409 876 515 924 sumeret,
532 869 661 930 respondit:
684 876 700 898 ⁴⁸
713 870 738 918 Si

63 949 114 988 eos,
126 933 166 995 qui
180 947 223 979 nos
237 941 320 986 mant,
336 933 488 986 interficimus,
504 934 558 994 quid
572 934 607 980 his
620 932 736 988 iaciemus,

63 999 148 1061 qasibns
163 998 215 1044 o'dio
229 996 341 1044 sumuai¹’
366 997 465 1044 Minime
479 999 548 1058 digm
562 1012 615 1051 vox,
632 997 668 1043 cui
683 997 738 1060 adji-

62 1065 146 1116 ciatur,
159 1077 209 1108 eam
220 1077 250 1108 ex
260 1062 349 1122 tyranni
361 1077 400 1108 ore
411 1058 521 1108 nnnisse.

98 1127 129 1174 ln
141 1128 202 1174 hunc
212 1127 304 1173 modum
319 1125 371 1172 filiae
385 1127 489 1188 injuriam
504 1126 568 1172 tulit:
588 1139 651 1171 suam
665 1126 738 1174 multo

61 1191 206 1241 laudabilius·
220 1191 243 1238 Α
254 1190 381 1252 Thrasippo
392 1189 465 1236 amico
475 1190 533 1238 inter
541 1204 629 1236 omnin
638 1190 686 1236 sine
693 1190 739 1238 line

61 1257 170 1305 convicio
188 1255 305 1310 laceratus,
326 1256 357 1301 ita
373 1262 396 1301 et
412 1254 511 1300 animum
528 1261 551 1302 et
567 1269 646 1302 vocem
662 1255 690 1301 ab
705 1252 738 1302 iri

62 1321 173 1374 cohibuit,
186 1327 212 1366 ut
222 1327 312 1382 putares
323 1320 441 1366 satellitem
452 1334 466 1366 a
476 1326 572 1380 tyranno
583 1319 641 1366 male
652 1319 735 1366 audire.

60 1389 195 1435 Abeuntem
206 1400 303 1445 quoque,
315 1384 443 1431 veritusne
458 1391 548 1446 propter
563 1392 648 1430 metum
664 1392 737 1430 matu-

61 1452 111 1499 rius
120 1465 145 1497 se
154 1449 258 1496 convivio
267 1449 411 1502 subtraheret,
420 1449 551 1496 invitatione
558 1448 660 1496 familiari
669 1449 738 1512 coepit

62 1517 170 1564 refluere.
197 1513 343 1575 Thrasippus,
362 1514 480 1562 concitatae
497 1515 636 1562 temulentiae
652 1514 738 1576 impetu

60 1585 166 1632 evectus,
178 1593 205 1624 os
215 1580 264 1642 eJus
275 1585 341 1640 sputo
352 1580 469 1642 respersit;
483 1595 525 1628 nec
536 1584 610 1626 mmen
619 1579 643 1624 in
651 1580 738 1626 vindic-

63 1653 113 1694 tam
125 1644 161 1690 sui
171 1643 241 1690 valuit
251 1643 379 1690 accendere.
403 1642 446 1690 Ille
459 1660 514 1690 vero
528 1645 595 1691 etiam
606 1643 663 1690 filios
675 1659 735 1698 suos,

63 1710 159 1758 violatae
169 1708 238 1770 patris
249 1708 359 1770 majestati
373 1708 490 1755 subvenire
504 1709 626 1770 cupientes,
638 1709 738 1756 retraxit.

61 1774 210 1833 ·Posteroque
221 1773 263 1826 die,
275 1771 402 1839 Thrasippo
411 1773 545 1832 supplicium
556 1789 570 1818 a
580 1788 605 1818 se
613 1769 739 1819 voluntarii

67 1845 142 1886 morte
152 1837 244 1900 exigere
254 1837 352 1890 volente,
363 1837 426 1882 venit
436 1837 465 1882 ad
478 1851 538 1888 eum,
555 1833 649 1895 datique
659 1835 703 1882 lide
713 1837 737 1882 in

61 1903 150 1950 codem
164 1901 235 1964 gradu
250 1901 354 1948 amicitiae
369 1915 506 1954 mansurum,
524 1901 551 1946 ab
566 1900 656 1960 incepto
672 1915 738 1946 revo-

62 1968 138 2015 cavit·
167 1965 195 2012 Si·
205 1967 260 2012 nihil
273 1965 333 2012 aliud
347 1965 441 2027 dignuin
456 1966 542 2011 honore
556 1963 670 2009 memoriae
685 1979 738 2025 gesa

68 2034 142 2084 sisset,
161 2029 197 2078 his
213 2038 289 2078 tamen
306 2030 372 2077 lactis
390 2029 477 2076 munde
493 2044 519 2076 se
535 2027 660 2092 posteritati
676 2043 739 2076 cons-

68 2093 204 2143 mendisset.
362 2124 365 2139 .

103 2158 154 2224 (S.)
172 2160 250 2222 AEque
263 2160 325 2208 mitis
339 2159 427 2207 animm
441 2158 523 2220 Pyrrhi
536 2157 603 2220 regis·
629 2156 739 2204 Audierat

68 2225 180 2287 quosdam
196 2223 371 2272 Tarentinorum
390 2225 414 2270 in
432 2223 536 2270 convivio
549 2236 627 2285 parum
642 2221 740 2268 honora·

68 2290 168 2338 tunsae
185 2305 211 2337 se
228 2305 353 2337 sermonem
370 2289 485 2336 habuisse:
509 2287 634 2340 arcessitos,
656 2285 695 2346 qui
718 2286 739 2333 ei

59 2353 223 2408 interfuerant,
234 2355 412 2416 percontabatur,
423 2368 453 2400 an
463 2369 496 2406 ea,
509 2369 560 2414 quae
570 2352 598 2399 acl
612 2366 677 2398 sures
691 2352 740 2414 ejus

98 2427 224 2473 neaman,
240 2419 357 2466 dixissent.
379 2417 440 2464 Tum
455 2433 485 2465 ex
499 2419 534 2464 bis
550 2433 615 2470 uuus,
635 2423 650 2446 “
660 2415 739 2470 Nut’·

76 2484 148 2544 nquit,
165 2491 181 2514 “
189 2484 267 2531 vinum
282 2483 346 2530 nobis
359 2483 483 2536 defecisset,
496 2484 547 2537 ista,
559 2497 610 2543 quae
620 2482 660 2528 tibi
671 2482 740 2528 relata

68 2555 130 2602 suat,
148 2563 196 2610 pre
213 2549 247 2602 iis,
264 2563 316 2609 quaa
330 2547 359 2594 de
373 2555 396 2594 te
409 2549 505 2594 locuturi
521 2563 617 2602 eramus,
634 2548 697 2594 lusus
713 2561 739 2592 ac

60 2614 133 2676 jocus
143 2611 265 2660 hainent.”
282 2612 341 2660 Tam
353 2614 436 2660 urbana
443 2614 539 2675 crapulae
547 2612 674 2666 excusatio,
682 2617 740 2658 mm-

66 2691 118 2740 que
124 2677 465 2740 simplex-raritatisconsessio,
481 2679 536 2728 iram
552 2678 613 2742 regis
628 2675 740 2726 convertit
