1842 2992
201 161 277 214 VAL.
291 163 428 216 MAXIMI
444 119 533 217 Lusi.
553 167 612 218 Cur.
627 174 649 218 8.
726 181 757 228 47

87 291 188 356 speciem
205 291 310 350 deforme,
327 295 443 356 nequead
459 310 525 343 usum
540 293 585 343 unt
599 310 629 344 ex
643 304 706 360 parte
720 298 755 344 in·

87 357 240 406 commodum.

123 421 189 487 (le.)
207 422 344 470 Mithridatis
358 439 412 470 vero
426 425 486 486 regis
499 425 544 472 filia
555 425 680 488 Dripetine,
693 425 755 474 Lao-

87 487 139 535 dioe
154 485 232 550 regini
242 495 301 541 nata,
312 488 394 550 duplici
404 490 480 536 ordine
491 490 589 537 dentium
600 492 704 538 deformis
715 493 754 539 ad-

87 552 191 606 modum,
204 567 278 598 comes
287 551 349 615 sugae
359 554 435 615 patris,
448 569 461 600 a
472 551 580 616 Pompeio
591 555 678 612 devicti,
690 557 740 602 fuit.

123 613 188 680 (14.)
205 615 243 664 Ne
256 616 314 663 iliius
329 618 417 678 quidem
431 635 506 680 parvae
523 620 672 667 admirationis
687 622 752 676 ocull,

89 695 161 742 quem
172 687 259 728 constat
269 688 314 727 tam
326 681 386 728 certi
396 683 443 730 acie
450 684 559 730 luminum
570 700 634 731 usum
646 701 702 740 esse,
720 693 753 739 ut,

88 761 105 793 a
115 745 226 806 Lilybaeo,
243 753 309 807 portu
321 743 536 810 Cartbagiuiensium
548 750 686 812 egredientes
698 750 754 799 clos-

87 825 126 858 sss
136 811 266 856 intueretur.

123 872 190 938 (15.)
207 873 285 921 Oculis
300 875 348 937 ejus
363 875 509 923 admirabilius
524 877 673 924 Aristomenis
687 877 753 925 Mes-

88 939 146 986 senii
157 953 209 996 θοις
222 939 283 1000 quod
293 939 448 994 Athenienses,
454 935 487 987 'ob
497 941 600 988 eximiam
612 943 752 989 calliditatem

87 1010 214 1057 exsectum,
230 1003 281 1065 pilis
296 1003 399 1050 refertum
413 1005 560 1052 invenerunt:
580 1021 630 1051 curn
642 1021 700 1061 eum,
713 1008 753 1053 ali·
843 1055 847 1060 ¹

87 1069 179 1130 quoties
189 1076 285 1130 captmn,
297 1076 320 1115 et
329 1068 410 1115 astutia
419 1070 525 1130 elapsum,
537 1070 654 1130 cepissent.

123 1129 189 1196 (16.)
207 1135 240 1178 At
247 1133 313 1194 po'ets
320 1133 439 1195 Antipater
451 1133 561 1186 Sidonius,
571 1134 672 1179 omnibus
681 1133 751 1188 annis,

87 1211 136 1244 uno
147 1197 300 1244 tantummodo
311 1197 353 1251 die,
365 1214 410 1258 quo
421 1197 511 1259 genitus
522 1204 575 1250 erat,
589 1197 643 1243 febri
654 1198 752 1260 implica*

86 1263 162 1310 batur·
190 1259 293 1322 Cumque
303 1262 331 1308 ad
341 1262 441 1308 ultimam
453 1268 541 1308 aetatem
551 1262 695 1323 pervenisset,
713 1278 753 1310 na·

87 1326 129 1374 tali
140 1341 181 1372 suo
192 1333 253 1372 certo
263 1326 301 1372 illo
312 1327 405 1375 circuitu
415 1327 486 1372 morbi
497 1333 627 1373 consumtus
637 1335 678 1374 est.

122 1387 187 1454 (17.)
200 1389 254 1437 Hoc
260 1390 311 1438 loco
319 1397 370 1452 apte
378 1389 500 1438 reserantur
508 1391 649 1452 Polystratus
657 1399 680 1439 et
691 1391 752 1454 Hip

84 1455 187 1519 poclides
200 1455 331 1516 philosophi,
343 1455 421 1502 eodem
432 1457 531 1510 dienati,
543 1458 640 1519 ejusdem
652 1473 751 1520 praecep-

86 1520 144 1567 toris
159 1519 182 1566 E
197 1519 252 1566 icuri
266 1526 349 1566 sectam
366 1521 443 1576 secuti,
460 1522 585 1582 patrimonii
599 1523 665 1569 etiam
679 1523 751 1584 possi-

86 1583 162 1637 dendi,
180 1536 331 1650 iblendaeque]
349 1585 438 1639 schotae,
455 1586 612 1634 communione
628 1587 748 1649 conjuncti,

84 1650 211 1710 wdmnque
227 1656 341 1695 momento
358 1650 463 1710 temporis
481 1648 559 1697 ultimi
577 1659 691 1698 senectute
709 1665 749 1698 ex-

84 1713 171 1762 stincti·
195 1711 254 1760 Tam
265 1713 372 1774 aequalem
381 1713 478 1760 iortunae
484 1716 565 1776 pariter
573 1723 639 1776 atque
647 1717 750 1762 amicitiae

84 1779 217 1827 societatem
231 1777 281 1838 quis
297 1793 342 1824 non
356 1778 425 1840 ipsius
440 1779 536 1824 coelestis
552 1778 685 1828 Concordiae
700 1781 750 1826 sinu

85 1843 196 1907 genitam,
207 1843 320 1896 nutritam,
332 1850 398 1902 atque
408 1842 492 1889 finitam
502 1843 582 1903 putet?

121 1903 187 1984 (18.)
205 1905 347 1968 Quapropter
359 1908 401 1952 hoc
413 1907 554 1968 potissimum
564 1905 631 1952 fuerit
641 1913 679 1952 aut
689 1907 712 1951 in
723 1907 751 1951 li-

84 1974 145 2020 bens
155 1971 358 2033 potentissimorum
370 1969 455 2032 regum,
473 1977 512 2016 aut
522 1969 546 2015 in
557 1985 611 2032 rege
620 1971 749 2023 clarissimo,

85 2043 127 2085 sut
134 2036 159 2082 in
168 2042 221 2082 vate
230 2035 314 2097 ingenii
324 2035 431 2090 florentis,
443 2035 515 2082 autin
525 2033 579 2080 viris
589 2033 749 2087 eruditissimis,

85 2107 127 2150 sut
140 2100 165 2146 in
178 2099 269 2146 bomine
284 2100 349 2146 sortis
363 2100 455 2162 ignotae,
469 2115 498 2146 ne
512 2099 559 2161 ipsa
569 2098 664 2160 quidem,
677 2098 750 2143 omnis

84 2168 154 2215 bonae
164 2164 273 2226 malaeque
283 2165 380 2211 materiae
390 2164 485 2210 fecunda
494 2163 580 2218 artifex,
593 2164 700 2209 rationem
715 2177 750 2208 re-

81 2245 137 2278 rum
157 2236 236 2275 natura
253 2228 382 2275 reddiderit:
402 2243 447 2274 non
466 2229 538 2290 magis
556 2243 630 2288 quam,
648 2226 700 2288 quid
719 2227 751 2273 its

84 2295 200 2344 silvestres
214 2308 310 2354 capreas,
324 2291 399 2346 Cretae
409 2293 503 2355 genitas,
515 2300 630 2354 tantopere
640 2292 748 2346 dilexerit,

84 2374 143 2422 quas
152 2357 239 2420 sagittis
250 2356 348 2404 confixas
359 2358 386 2404 ad
397 2358 491 2403 salutare
501 2357 607 2403 auxilium
618 2358 691 2404 herbae
703 2357 749 2403 die-

84 2423 165 2476 tamni,
177 2429 264 2468 tanturn
276 2436 321 2468 non
333 2422 379 2468 suis
389 2421 496 2474 manibus,
509 2422 611 2479 deducit;
629 2422 747 2482 efficitque,

83 2495 118 2542 ut,
127 2483 235 2548 concepti
245 2484 278 2540 ed,
291 2487 397 2532 continuo
408 2494 431 2531 et
441 2486 485 2531 tela
495 2493 518 2532 et
527 2487 573 2532 vim
585 2487 664 2533 veneni
673 2485 750 2532 vulne·

85 2554 149 2600 ribus
160 2558 277 2612 respuant:
296 2559 335 2597 aut
345 2551 369 2596 in
378 2548 512 2611 Cephaleniai
522 2548 600 2604 innuli,
613 2566 663 2596 cum
675 2562 750 2594 omnra

83 2617 167 2678 ubique
176 2629 258 2678 pecora
267 2616 348 2662 haustu
359 2630 423 2674 aquae
433 2615 530 2674 quotidie
541 2621 673 2665 recreentur,
685 2614 708 2658 in
724 2609 751 2656 eit

82 2679 182 2746 pecudes
192 2679 276 2742 majore
286 2693 315 2726 ex
325 2687 387 2742 parta
397 2679 449 2726 anni
460 2695 498 2726 ore
508 2687 585 2788 apperte
599 2693 628 2725 ex
639 2677 684 2724 aito
694 2687 750 2722 veu-

484 2758 498 2787 r
