1828 2982
117 131 121 136 ’
188 159 241 204 aaa
275 138 353 204 vnn
367 153 505 204 usurus
521 154 575 204 nm
590 153 648 202 vu.
669 153 729 204 ou.
744 158 769 204 s

183 286 348 350 mammam
361 283 482 334 ulmeam
492 279 805 343 meauaimlidiseuteret,
822 299 865 332 ne-

187 369 231 416 que
241 351 289 398 aine
303 349 391 397 effectu.
416 348 484 402 Nam,
499 349 614 410 repentim
626 350 674 412 ejus
689 349 791 396 adventu
807 366 863 411 per-

186 417 249 469 culsi,
263 415 329 462 Poeni
343 416 437 462 libenter
450 414 625 462 incolumitatem
639 429 701 460 unam
716 412 793 462 salute
805 415 861 475 laos·

186 483 242 530 tium
259 480 413 537 redemerunt3
433 479 603 540 pactiquesunt
617 478 737 524 utendam
753 485 861 540 tempore

187 553 210 594 et
220 543 300 592 Africa
311 543 399 598 Siculis,
411 551 434 590 et
446 543 520 590 Sicilia
531 541 629 596 Punicis,
641 543 709 589 armis
715 544 861 590 liberaretur.

186 611 247 672 Age,
259 607 278 654 si
290 608 450 669 Syracusarum
464 607 547 654 rnoenis
561 608 618 654 tueri
631 606 807 668 perseverdsset,
819 609 859 654 illa

185 673 236 723 belli
255 673 319 720 malis
336 679 485 734 urgerentur3
507 673 565 718 bona
580 672 641 734 pacis
655 671 753 719 fruenda
769 687 858 720 semrrae

186 737 319 799 Carthagini
336 735 469 797 reliquisset·
494 735 564 782 Nunc
581 735 696 784 infmende
715 753 770 797 quae
786 739 855 800 petie·

184 805 256 856 batur,
277 801 330 848 dum
347 801 430 848 alienas
445 801 520 862 potius
535 800 623 848 lacessit
639 816 699 862 opes,
717 817 788 862 quam
804 816 853 848 suas
894 861 895 864 Ἰ

185 875 268 921 tuetur,
281 882 327 928 quo
337 865 434 926 aequiore
444 865 519 911 anime
528 879 622 928 regnum
630 864 734 920 deseruit,
743 881 775 912 eo
783 867 853 914 tutius

185 945 237 980 rece
253 932 278 978 it.

96 999 98 1003 ’
218 947 269 1062 (p)
296 994 358 1050 Quid
379 993 493 1041 Hannibal
515 991 629 1042 Cannensi
650 993 749 1055 proelie?
779 1009 856 1042 nonne

184 1063 255 1110 aciem
270 1069 377 1112 nostram,
393 1059 455 1120 prius
469 1075 536 1118 quam
550 1055 741 1120 addimicandum
759 1059 853 1122 descen-

184 1127 254 1180 deret,
272 1124 421 1186 compluribus
439 1123 528 1170 astutiae
547 1120 693 1186 [copulatam]
714 1123 809 1184 laqueis,
825 1124 853 1170 ad

185 1200 232 1240 tam
242 1189 388 1236 miserabilem
399 1187 501 1249 perduxit
511 1185 613 1233 exitum?
629 1187 692 1233 Ante
703 1189 783 1236 omnia
792 1189 850 1236 enim

183 1255 288 1320 providit,
300 1261 326 1300 ut
337 1262 360 1300 et
370 1253 440 1300 solem
451 1258 474 1298 et
484 1252 605 1312 pulverem,
618 1252 655 1312 qui
669 1251 699 1297 ibi
711 1260 785 1300 -vento
796 1253 852 1300 mul·

184 1328 223 1368 tus
233 1313 325 1367 excitam
336 1317 400 1370 solet,
413 1316 530 1362 adversum
541 1315 637 1364 baberet.
662 1314 754 1364 Deinde
765 1326 850 1379 partera

182 1385 409 1508 etmulti
418 1458 626 1504 n
641 1386 731 1505 aa

183 1512 298 1572 abruptam
308 1509 369 1570 legio
379 1507 485 1556 Romana
495 1515 629 1568 sequeretur,
639 1509 794 1558 metuendam
801 1527 847 1560 eam

182 1575 253 1628 abiis,
265 1588 321 1636 quos
328 1573 353 1618 in
360 1573 446 1619 insidiis
454 1573 607 1626 collocaverat,
619 1575 712 1620 curavit
729 1573 845 1624 Postremo

101 1657 103 1662 ·
183 1638 358 1702 qundnngentos
366 1637 594 1698 equitessubornavit,
607 1638 652 1698 qui,
666 1637 846 1688 simrrlatdtraus·

182 1705 260 1758 itione,
271 1702 385 1766 petierunt
395 1702 523 1750 consulem:
542 1717 614 1762 aquo
623 1702 689 1764 jussi,
703 1711 844 1754 meretrans·

182 1768 296 1832 fugarum,
308 1767 413 1829 depositis
423 1767 498 1820 armis,
513 1767 537 1812 iu
552 1767 652 1814 ultimm
665 1782 750 1829 pugnae
763 1777 843 1831 purtem

183 1834 294 1887 secedere,
305 1832 415 1880 destrictis
425 1831 511 1892 gladiis,
523 1846 580 1891 quos
593 1831 652 1878 inter
665 1832 752 1880 tunicas
763 1843 785 1882 et
794 1835 843 1882 lon'-

183 1915 222 1947 cas
232 1899 367 1950 abdiderant,
378 1896 473 1958 poplites
487 1895 633 1957 pugnantium
644 1895 799 1945 Romanorum
809 1915 842 1948 ce·

183 1965 293 2012 ciderunt.
319 1960 379 2008 Haec
389 1959 432 2007 suit
443 1958 529 2006 Punica
538 1959 651 2014 fortitudo,
664 1960 721 2008 dolis
731 1970 754 2010 et
764 1964 841 2013 insidiis

183 2038 207 2078 et
225 2025 312 2076 sadada
326 2027 450 2072 instructa:
472 2039 523 2085 quse
540 2038 599 2070 nune
615 2025 738 2072 certissima
753 2028 840 2077 circum.

182 2101 258 2141 ventae
268 2091 358 2138 virtutis
368 2096 454 2142 nostrae¹
462 2089 576 2136 excusatio
586 2096 635 2148 est;
648 2094 754 2150 quoniam
761 2092 839 2156 decepti

183 2159 256 2222 magis
266 2171 333 2219 quam
343 2155 397 2203 uicti
408 2168 492 2200 sumus.

464 2267 561 2283 η

360 2345 419 2395 Car.
433 2345 539 2396 V.-De
551 2346 668 2408 nepeta.
716 2373 718 2378 ,

530 2479 554 2520 4.
574 2474 607 2528 Q„
629 2474 718 2522 Metelli
737 2475 834 2526 Macedo-
894 2439 895 2458 i

295 2549 343 2608 pfl·
367 2637 369 2642 .
414 2600 428 2644 ·.
529 2604 552 2648 5.
566 2553 790 2654 molliusue

358 2664 380 2706 6.
395 2661 431 2710 M.
442 2661 536 2713 Catonia
548 2665 670 2714 Uticensis.

887 2605 895 2730 l
