1820 2982
173 160 219 204 tto
267 155 345 206 VAL.
358 151 497 206 maxum
512 153 564 204 Lu.
577 152 624 204 lv.
642 153 702 205 Cat·
711 160 740 206 sc

195 279 835 348 Ἰ(3.)])ι·ιιευίτιοιὶιῐη(ἱειίιιιιιίσιιιιι,ειὶῑιιίυ.τα’ί)ὶιικῐίσε
905 339 906 346 ¹

161 349 252 396 familiae
270 349 372 410 gloriam,
392 350 515 410 patrieque
531 365 605 397 rerum
622 357 786 404 oruamentum,
805 359 833 400 et
905 373 906 416 3

163 415 233 477 (quod
245 429 311 474 super
325 414 400 460 omnia
415 412 460 473 est)
476 430 568 476 operum
583 429 683 468 ruonun,
698 429 740 476 pro
751 415 830 462 habitu
905 421 906 472 p

161 479 241 530 aetatis,
255 479 409 538 magnitudine
419 479 498 525 vitrico
509 479 696 540 pariterecfratri
706 478 829 540 Augustis,
905 479 906 518 Ξ

160 543 246 588 duobus
262 543 387 602 reipublicae
401 543 482 590 divinis
497 545 574 598 oculis,
590 543 682 590 mirifice
693 544 830 605 respondeo·
905 561 906 574 ³

161 613 215 660 tem,
228 607 328 652 constitit
339 623 403 653 usum
415 607 512 654 Veneris
526 609 584 655 iutra
597 608 699 670 conjugis
713 607 829 654 caritatem

160 671 260 716 clausum
274 673 378 720 tenuisse.
406 671 507 720 Antonia
521 689 615 734 quoque,
630 671 713 720 femina
726 673 830 720 laudibus

159 735 246 780 virilem
260 735 350 782 funiliee
365 752 412 783 suae
427 737 549 784 claritatem
564 751 713 800 supergressa,
727 751 827 784 amorem

136 831 139 836 .
159 799 233 844 mariti
247 799 340 862 egregii
353 801 397 848 lide
410 803 524 863 pensavit:
547 817 611 863 quae,¹
621 809 673 863 post
687 803 734 863 ejus
747 815 830 848 uoeb

61 899 65 912 .
133 923 137 932 .
160 879 217 916 sum,
235 863 307 910 formri
324 873 347 912 et
364 873 430 912 aetate
445 866 534 920 florens,
552 867 677 913 cubiculum
693 864 770 912 sooria
784 881 828 927 pro

158 928 264 990 conjugio
274 930 363 978 hebuit:
379 931 402 976 in
410 931 533 992 eodemque
542 938 591 978 toro
600 931 689 978 alterius
697 930 827 977 adolescer-

157 991 196 1038 uae
207 993 273 1054 vigor
283 996 406 1042 exstinctus
417 1004 458 1049 est,
470 997 560 1043 ulterius
568 995 682 1043 viduitatis
690 994 826 1056 experientia

158 1059 283 1108 consenuit,
304 1058 358 1108 Hoc
369 1061 494 1108 cubiculum
504 1061 585 1109 talibus
595 1059 750 1124 momentis
761 1073 825 1108 atim·

158 1137 219 1168 mam
230 1123 337 1185 imponat.
648 1143 651 1160 ¹

191 1185 237 1250 (4.)
260 1188 375 1252 Deinceps
394 1197 418 1236 et
438 1189 473 1236 his
491 1203 603 1242 racemus,
623 1203 718 1249 quorum
735 1187 825 1234 unimur

158 1251 231 1311 aliquo
242 1253 266 1297 in
281 1262 397 1300 momento
410 1254 514 1315 ponendo
528 1253 645 1314 pecuniam
659 1267 772 1313 nunquam
783 1267 826 1299 va·

158 1316 226 1361 cavit.
247 1315 292 1364 Cn.
301 1318 410 1372 Marcius,
422 1317 520 1378 patriciae
530 1317 606 1378 gentis
615 1317 749 1370 adolescens,
761 1317 827 1364 Anci

158 1381 217 1440 regis
229 1381 287 1426 clare
297 1377 422 1442 progenies,
435 1383 471 1427 cui
480 1380 565 1429 Corioli
574 1380 709 1428 Volscorum
718 1381 824 1442 oppidum

156 1445 823 1568 illlft'rltrrlillttlillziiixl?

369 1539 375 1561 ,
810 1537 823 1550 .

112 1580 131 1598 ‘·
158 1569 206 1616 ruti
223 1571 323 1618 oratione
339 1572 397 1633 apud
415 1573 497 1620 milites
515 1573 624 1628 laudatus,
642 1575 742 1620 omnibus
757 1574 824 1621 donia
905 1569 906 1620 ἒ

157 1634 294 1689 militaribus,
306 1643 329 1682 et
339 1637 388 1698 agri
398 1644 488 1683 centum
499 1639 622 1700 jugeribus,
635 1645 658 1685 et
667 1638 744 1684 decem
753 1640 823 1700 capti-

156 1714 237 1745 vorum
248 1699 363 1755 electione,
376 1707 399 1748 et
413 1701 507 1748 totidem
522 1703 604 1749 ornatis
615 1703 684 1763 equis,
697 1705 822 1750 centenario

155 1764 223 1809 boum
232 1779 309 1828 grege,
320 1773 463 1828 argentoque,
475 1774 583 1827 quantum
592 1767 701 1814 sustinere
708 1767 824 1820 valuisset,

156 1828 290 1888 donaretur;
308 1832 363 1878 nihil
373 1845 402 1878 ex
412 1831 454 1884 his,
469 1838 551 1893 praeter
563 1831 629 1878 unius
638 1831 731 1893 hospitis
742 1832 822 1893 captivi
905 1859 906 1892 3

157 1893 258 1950 salutem,
277 1911 410 1958 equumque,
423 1911 476 1956 ,quo
494 1896 518 1942 in
535 1895 583 1942 acic
601 1903 707 1950 uteretur,
725 1896 825 1957 accipere
905 1903 906 1918 ¹

156 1959 234 2006 voluit.
260 1959 313 2026 Qua
332 1969 378 2008 tarn
397 1959 557 2022 circumspecti
575 1961 642 2008 animi
665 1961 822 2015 moderatione,

155 2025 248 2079 nescias,
267 2034 342 2073 utrum
358 2027 444 2090 majore
459 2041 511 2074 cum
524 2025 591 2074 laude
603 2025 696 2089 praemia
709 2025 821 2080 meruerit,

154 2091 301 2152 arr-rejecerit.

188 2153 233 2216 (5.)
245 2154 282 2200 Μ’
290 2161 364 2202 eutem
375 2152 464 2209 Curius,
476 2153 823 2202 exactissimnmmaRomanae

153 2215 295 2278 frugalitatis,
307 2221 410 2280 idemque
417 2220 552 2267 fortitudinis
560 2220 760 2282 perspectissimum
769 2233 823 2280 ape·
905 2271 906 2278 ,

155 2280 237 2335 cimen,
254 2283 379 2330 Samnitum
393 2285 474 2347 legatis
487 2285 570 2348 agresti
585 2301 609 2332 se
623 2285 647 2330 in
662 2289 752 2330 scamno
765 2284 823 2330 assi-

155 2343 245 2390 dentem
260 2346 319 2400 loco,
333 2355 400 2408 atque
414 2351 490 2411 ligneo
506 2350 580 2396 catillo
595 2356 721 2396 coeuantem
733 2348 823 2411 (quatu

155 2407 239 2466 epulas,
258 2419 374 2470 apparatus
393 2414 474 2460 indicio
493 2411 538 2474 est)
559 2413 703 2476 spectandum
719 2412 824 2473 praebuit.

155 2467 198 2514 Ille
217 2471 276 2516 enim
297 2475 422 2522 Samnitum
442 2478 529 2525 divitias
548 2478 682 2535 contemsit3
708 2476 822 2525 Samnite!

154 2533 202 2595 qius
220 2544 372 2594 paupertatem
390 2541 463 2588 mirati
483 2549 542 2590 sunt.
569 2542 631 2590 Nam
649 2557 701 2588 cum
719 2541 748 2588 ad
767 2555 822 2587 euru

154 2609 260 2668 magnum
276 2600 323 2646 auri
338 2603 425 2662 pondus
436 2607 523 2666 publice
533 2609 626 2656 mitram
636 2607 768 2659 autent.
783 2606 823 2652 be-

153 2671 227 2719 nignu
238 2663 311 2710 verbis
319 2664 433 2722 invitatus,
444 2677 507 2720 uteo
518 2673 551 2719 uti
560 2673 634 2727 vellet,
646 2680 669 2722 et
678 2672 766 2722 vuum
775 2669 824 2718 rint
