1820 2982
191 181 239 228 160
280 179 359 230 vul,
372 179 510 230 MAXIMI
526 179 579 229 Las.
594 177 638 228 lv.
658 177 718 229 Ges·
731 181 754 228 Θ.

190 311 307 373 gitimique
321 311 403 358 amoris
417 311 479 372 quasi
494 311 599 374 quasdam
614 311 731 374 imagines,
747 323 794 357 nou
804 310 848 357 sim
886 347 887 382 p

190 374 287 422 maxims
304 377 447 424 veneratione
465 376 653 437 contemplandas,
673 375 764 422 lecturis
783 374 847 422 oculis
886 383 887 430 l

189 441 302 502 subjiciam
310 455 318 498 ;
329 441 429 487 valenter
436 442 495 487 inter
502 443 609 503 conjuges
618 439 719 488 stabilitae
726 439 778 486 fidei
787 453 846 500 opes
886 445 887 492 l

132 554 133 564 γ
189 517 327 565 percurrens,
344 505 412 551 ardua
426 505 520 558 imitatu,
538 513 643 552 caeterum
656 505 765 566 cognosci
776 504 846 558 utilia3
886 505 887 544 ἒ

189 567 847 628 quiaexcellentissimaanimadvertenti,nemediocriaqui·
886 555 887 584 ¹

189 633 239 679 dem
250 643 362 694 praestare,
376 635 449 680 rubori
460 641 548 696 oportet
559 649 613 680 esse.

222 695 271 760 (t.)
288 697 325 744 Tr.
338 699 461 752 Gracchus,
479 699 588 760 anguibus
605 697 665 745 domi
683 713 731 744 suae
747 709 846 744 maresc

188 759 272 808 leminis
282 763 432 825 apprehensis,
448 765 529 810 certior
539 763 611 809 factus
626 764 652 809 ab
667 763 775 824 aruspice,
791 775 847 808 mare

189 827 287 886 dimisso,
305 829 369 873 uxori
381 829 436 888 ejus,
453 826 542 882 iemind,
560 828 602 888 ipsi
612 827 706 874 celerem
722 828 807 873 obitum
817 827 848 870 in·

189 903 262 949 stare,
283 893 400 940 salutarem
419 894 510 955 conjugi
528 893 602 954 potius
621 907 687 952 quana
707 891 747 938 adsi
766 899 846 952 partem

114 972 122 986 ·
188 957 276 1018 augurii
287 964 383 1010 secutus,
396 973 479 1003 marem
496 957 577 1016 necari,
590 956 695 1002 feminam
710 955 792 1006 dimitti
801 957 846 1018 jus·

188 1021 231 1068 sit:
251 1021 399 1081 sustinuitque
416 1022 440 1067 in
457 1029 578 1083 conspectu
593 1036 634 1067 suo
648 1021 746 1081 seipsum
760 1021 845 1067 interitu

188 1086 384 1148 serpentisoccidi.
403 1084 484 1146 Itaque
493 1085 620 1134 Corneliam
631 1086 706 1132 nescio
717 1091 794 1130 utrum
802 1083 846 1130 ieli-

188 1151 271 1198 ciorem
282 1151 382 1205 dixerim,
395 1151 454 1211 quod
465 1151 532 1197 talem
542 1151 614 1198 virum
625 1150 732 1203 habuerit,
744 1164 774 1196 an
785 1151 847 1195 mise·

188 1215 275 1270 riorem,
288 1216 348 1276 quod
359 1216 464 1262 amiserit.
483 1215 506 1262 0
517 1221 546 1270 te,
558 1214 683 1261 Thessaliae
692 1227 733 1261 rex
744 1214 844 1266 Admeto

187 1281 282 1326 crudelis
297 1285 320 1326 et
331 1281 372 1326 diri
382 1279 436 1326 iacti
451 1280 543 1327 crimine
554 1281 687 1340 submagna
697 1279 775 1341 judice
790 1280 847 1326 dam-

185 1344 276 1391 natum!
290 1345 328 1404 qui
337 1345 441 1406 conjugis
452 1351 499 1391 tuae
508 1345 553 1392 fata
564 1359 604 1406 pro
614 1345 658 1390 tuis
669 1345 790 1404 permutari
801 1358 847 1405 paa-

188 1424 226 1454 sus
234 1423 273 1465 as;
289 1407 368 1468 eique,
386 1423 415 1454 ne
426 1416 450 1455 tu
461 1409 641 1472 exstinguemus,
653 1409 782 1455 voluntario
792 1409 847 1456 obitu

187 1470 311 1526 consumti,
323 1473 396 1518 lucem
407 1473 488 1520 intueri
499 1474 597 1536 potuisti.
627 1473 659 1519 Et
670 1481 731 1520 certe
740 1473 803 1535 prius
812 1487 847 1534 pa·

188 1544 276 1582 rentum
290 1537 451 1598 indulgentiam
464 1546 596 1594 tentaveras,
608 1537 704 1586 feminco
719 1540 796 1586 animo
809 1538 847 1584 im·

186 1601 349 1662 perinventus.
886 1617 887 1620 ¹

218 1662 266 1728 (2.)
274 1663 348 1710 Vilior
357 1665 462 1714 Graccho
468 1667 551 1728 iniquae
558 1667 655 1714 fortunae
663 1667 761 1722 victima,
771 1683 845 1730 quam·

184 1729 219 1776 vis
231 1730 335 1775 senatorii
346 1731 381 1776 vir
391 1731 482 1786 ordinis,
494 1731 521 1780 C.
533 1731 634 1779 Plautius
645 1731 760 1789 Numida3
778 1733 844 1780 sedin

185 1795 294 1840 consimili
306 1809 381 1842 amore
392 1811 432 1858 par
445 1798 580 1859 exemplum.
610 1797 688 1844 Morte
701 1797 762 1842 enim
774 1797 845 1842 uxoris

186 1851 267 1913 auditi,
285 1859 368 1907 doloris
378 1862 496 1923 impotens,
509 1869 587 1923 pectus
598 1875 662 1907 suurn
673 1861 749 1922 gladio
759 1876 844 1922 percus-

184 1925 220 1970 sit.
247 1923 380 1972 Interventu
397 1927 476 1973 deinde
492 1927 664 1974 domesticorum
681 1925 796 1986 inceptum
809 1939 844 1972 ex·

185 1989 248 2050 sequi
261 1991 394 2052 prohibitus,
413 1991 581 2052 colligatusquc,
602 1997 627 2036 ut
645 1990 742 2051 primum
761 1991 843 2036 occasio

185 2055 236 2100 data
251 2061 292 2108 est,
310 2056 384 2100 scissis
394 2054 474 2108 fasciis,
488 2062 510 2100 et
521 2055 612 2100 vulnera
627 2053 721 2107 divulso,
738 2053 843 2100 constanti
886 2055 887 2114 l

185 2117 283 2172 dexterd,
294 2120 395 2180 spiritum
404 2119 477 2166 luctirs
485 2120 604 2164 acerbitate
611 2119 745 2179 permixtum
757 2133 786 2165 ex
795 2119 843 2179 ipsis
886 2125 887 2128 ’

184 2184 313 2243 praecordiis
328 2191 351 2230 et
365 2183 485 2230 visceribus
501 2184 588 2239 hausit;
606 2191 651 2229 tam
664 2181 762 2230 violenti
778 2189 843 2229 morte
886 2223 887 2242 ,

184 2253 286 2300 testatus,
299 2256 408 2307 quantum
419 2248 525 2295 maritalis
535 2247 632 2294 flammae
642 2247 681 2294 illo
691 2255 782 2309 pectore
789 2249 842 2294 cisu-

185 2325 234 2354 sum
247 2311 365 2357 habuisset.

218 2371 266 2433 (8.)
284 2373 392 2434 Ejusdem
404 2377 544 2430 statuminis,
560 2377 591 2422 ita
605 2377 687 2424 amoris
701 2391 797 2437 quoque,
810 2372 841 2421 bl.
886 2387 887 2404 ¹

185 2433 294 2480 Plautius.
311 2433 373 2484 Nar'n
388 2454 439 2486 cum
453 2441 547 2504 imperio
562 2442 652 2488 senatds
667 2441 761 2488 classem
776 2440 840 2487 sociu-
886 2463 887 2478 u

183 2511 234 2542 runa
252 2501 368 2560 sexaginta
385 2504 475 2550 navium
491 2507 514 2552 in
530 2505 609 2552 Asiam
624 2504 746 2558 reduceret,
761 2504 840 2551 Tarau-

183 2568 276 2634 tumque
287 2565 413 2624 appulisset,
425 2576 491 2630 atque
502 2569 531 2617 ibi
542 2585 599 2615 amor
612 2571 660 2630 ejus
671 2569 785 2622 Orestilla,
797 2581 840 2629 qua

182 2623 235 2668 rlluc
251 2639 301 2670 eum
316 2637 433 2687 prosecuta
443 2631 522 2688 iuerat,
535 2635 612 2680 morbo
624 2649 700 2694 pressa
710 2633 839 2682 decessisset

182 2685 284 2735 funerati
297 2689 330 2744 ed,
346 2699 413 2752 atque
423 2695 446 2739 in
458 2711 539 2758 rogum
550 2696 659 2760 impositd,
676 2697 735 2744 inter
749 2697 839 2744 offlam
