1828 2982
181 171 259 226 val.
273 171 411 222 ΜΔΧΙΜΙ
427 171 480 222 er.
494 171 525 222 V.
545 173 605 225 Car.
619 179 643 224 4.
698 177 745 228 197

71 299 452 370 penemtmulicoectusest'su
481 303 556 353 licere.
574 304 744 354 Miuiadeum

72 369 239 432 deprecandum
252 367 321 430 legati
337 367 393 414 nihil
406 384 448 431 pro
458 378 556 417 cccrum.
582 369 650 420 Missi
665 372 746 422 deinde

72 434 202 484 sacerdotes
216 448 268 480 cum
283 431 366 486 infrrlis,
383 448 449 494 teque
463 435 512 482 sine
526 433 607 482 effectu
622 437 743 484 redierunt.
764 462 768 474 ι

72 500 185 562 stupebat
195 505 299 555 senatum
316 497 438 560 trepidabat
447 501 543 562 populus
549 516 557 558 ς
574 500 616 548 viri
626 503 745 564 pariterue

70 566 179 613 mulieres
186 563 279 610 exitium
287 563 407 610 imminens
415 564 601 612 lamentabantur.
620 565 687 614 Tunc
696 565 745 614 Ve-

70 631 141 683 turia,
155 625 269 678 Coriolani
281 634 363 682 mater,
375 626 521 676 Volumniam
536 643 631 677 uxorem
646 633 702 696 ejus,
720 639 744 680 et

69 695 162 746 liberos,
170 692 352 746 secumtrabeos,
361 699 434 740 castra
440 691 577 742 Volscorum
584 695 656 758 petiit
668 696 744 752 Qum

71 761 111 808 ubi
121 759 183 806 filius
192 758 301 820 adspexit.
314 763 330 788 ‘⁶
338 756 509 820 &pugnam
520 759 600 820 inquit,
613 767 629 790 ⁴⁸
638 768 662 808 et
669 762 744 808 vicisti

70 826 130 873 iram
149 837 229 877 meam,
249 822 327 884 patris,
343 823 445 884 precibus
463 824 530 886 hujus
545 823 641 872 admotis
647 842 656 883 ς
678 827 742 892 cujus

72 898 139 938 utero
150 895 180 942 te
193 887 294 950 quamvis
304 887 385 934 merito
395 888 450 934 mihi
460 889 564 942 invisam,
576 889 636 936 dono
644 888 671 937 =”
688 905 744 937 oon·

71 956 183 1014 tinuoque
193 952 323 1000 Romanum
333 965 412 1014 agrum
423 953 542 1000 hostilibus
555 955 623 1000 armis
632 955 741 1002 liberavit.
764 947 768 954 ⁴

72 1019 142 1081 Ergo
155 1025 235 1080 metus
250 1017 329 1063 dolore
343 1024 442 1079 acceptae
457 1018 552 1080 injurie,
572 1031 612 1080 spe
628 1019 743 1080 potiundae

69 1081 182 1137 victoria,
193 1080 327 1129 saecundii
334 1082 471 1129 deuectandi
479 1082 602 1136 ministerii,
611 1090 674 1129 metu
682 1099 744 1129 mor·

70 1150 102 1198 tis
117 1147 231 1200 refertam,
248 1153 320 1194 totum
336 1146 378 1193 sibi
391 1146 462 1208 pietas
476 1146 613 1193 vacuefecit:
633 1148 744 1208 uniusque

70 1213 172 1278 parentis
182 1212 299 1274 adspectus
309 1211 391 1258 bellum
403 1218 468 1258 atrox
479 1211 569 1258 mlutsri
576 1225 631 1273 pace
638 1213 743 1259 mutavit

107 1275 159 1343 (2.)
176 1277 264 1325 Eadem
274 1277 346 1338 pietas
356 1276 441 1322 viribus
452 1277 498 1323 suis
508 1274 671 1323 inflammatum
682 1277 745 1324 Afri-

68 1357 155 1391 canum
170 1341 314 1403 superiorem,
331 1340 423 1402 vixdum
439 1355 510 1388 annos
521 1341 652 1402 puerilitatis
667 1357 745 1404 egres-

69 1425 131 1462 sum,
149 1407 178 1454 sd
188 1419 253 1467 opem
264 1405 321 1466 patri
332 1405 355 1451 in
366 1406 413 1452 acie
423 1405 536 1452 ferendam
543 1407 605 1452 uirili
617 1408 695 1453 robore
706 1422 742 1454 ar-

69 1473 150 1522 mavit.
178 1469 301 1519 &nauem
312 1469 371 1517 enim
383 1485 442 1524 eum,
455 1471 514 1533 apud
523 1470 630 1518 Ticinum
644 1465 739 1519 fluuium

68 1536 170 1586 adversis
188 1535 291 1597 auspiciis
308 1549 359 1582 cum
377 1534 506 1584 Hannibale
523 1544 670 1599 pugnantem,
688 1553 742 1600 gra-

66 1604 128 1651 viter
147 1601 246 1648 mucium
263 1600 386 1646 intercessu
401 1615 442 1647 suo
459 1602 568 1650 servavit:
588 1617 661 1664 neque
676 1603 739 1650 illum

68 1675 110 1716 aut
125 1667 199 1713 aetatis
212 1664 335 1718 infimitas,
352 1673 391 1712 aut
403 1665 490 1712 militiae
504 1667 638 1722 tirocinium,
656 1675 695 1714 aut
706 1669 742 1714 in-

67 1731 141 1782 felicis
152 1731 225 1794 proelii
235 1730 302 1776 άὶιιιιι
316 1736 423 1777 veterano
436 1731 537 1776 bellatori
551 1733 742 1792 pertimescendus

67 1797 153 1850 exitus,
169 1795 310 1857 interpellare
324 1795 401 1848 valuit,
419 1794 560 1854 quominus,
577 1796 658 1858 duplici
668 1795 741 1858 glorld

66 1862 213 1924 conspicuus,
230 1875 343 1913 eoronam,
361 1859 496 1920 imperatore
511 1859 578 1905 simul
593 1867 617 1906 et
632 1869 695 1922 patre
711 1875 741 1908 ex

67 1930 510 2056 lwdsllollltllbpdd'idtldrldddudlaeclsm
521 1988 624 2049 exempla
634 1988 739 2036 Romus

66 2058 149 2106 civitas
159 2055 258 2118 accepit:
275 2055 313 2101 ills
323 2054 381 2100 vidit
391 2053 469 2100 oculis.
483 2051 512 2099 L.
523 2051 612 2099 Manlio
623 2052 740 2113 Torquato

67 2123 129 2170 diem
140 2121 169 2168 ad
178 2120 286 2183 populum
299 2118 438 2181 Pomponius
448 2118 550 2165 tribunus
557 2117 631 2228 §labis
644 2117 738 2172 dixeru,

66 2185 137 2252 quod,
155 2185 273 2232 occasione
287 2185 345 2231 benc
359 2183 450 2230 finiendi
466 2184 517 2230 belli
533 2182 555 2228 in
572 2189 644 2235 uetus,
664 2183 740 2244 legiti-

65 2267 132 2301 mum
143 2249 257 2297 obtinendi
266 2249 353 2311 imperii
366 2256 455 2312 tempus
469 2249 616 2296 excessisset:
635 2248 740 2307 quodque

65 2317 147 2370 filium,
166 2315 257 2378 optimae
267 2314 349 2362 indolis
359 2315 475 2378 juvenem,
488 2314 571 2360 rustico
582 2327 649 2378 opere
659 2327 741 2374 grava-

64 2391 125 2436 tum,
137 2379 231 2443 publicis
241 2379 317 2426 usibus
327 2379 472 2426 subtraheret.
500 2377 528 2424 Id
538 2385 656 2440 postquam
669 2377 740 2424 Man·

64 2450 111 2496 lius
120 2445 250 2493 adolescens
260 2445 376 2508 cognovit,
388 2444 490 2506 protinus
500 2443 587 2492 Urbem
597 2443 668 2505 petiit,
681 2450 704 2488 et
715 2458 740 2490 se

64 2515 90 2560 in
107 2509 228 2572 Pomponii
238 2511 330 2557 domum
340 2507 412 2570 primi
422 2509 473 2556 luce
483 2509 571 2555 direxit.
602 2508 649 2562 Qui
662 2509 740 2554 existi-

63 2593 132 2626 mans
148 2577 171 2622 in
187 2576 296 2622 boccum
312 2574 408 2627 venisse,
425 2581 451 2619 ut
465 2573 535 2636 patris
549 2573 649 2628 crimina,
666 2589 739 2634 aquo

61 2643 186 2708 plusjusto
194 2655 272 2702 aspere
279 2640 421 2692 tractabatur,
431 2637 534 2693 deferret
543 2638 652 2685 excedere
660 2653 739 2685 omnes

57 2709 131 2774 justit
148 2705 257 2760 cubiculo,
273 2721 319 2767 quo
334 2705 445 2760 licentius,
462 2705 555 2751 remotis
569 2703 663 2758 arbitris,
681 2701 738 2748 indi-
