1828 2982
172 173 224 218 376
263 167 344 217 VAL.
358 167 495 216 MAXIMI
511 167 564 214 Las.
577 167 636 215 vn.
656 166 717 218 Car.
731 173 754 216 8.

173 299 276 347 houdues
286 307 327 354 est,
340 313 406 360 quam
420 299 491 361 patria
506 296 588 346 Priene
601 297 644 344 fuit
657 297 777 361 (siquidem
788 298 837 344 hae
893 259 905 290 οἳ

173 365 241 411 etiam
259 379 319 410 nunc
333 365 419 424 spirat3
436 364 503 415 illius,
521 363 612 423 perinde
629 370 695 422 atque
711 363 836 416 exstinctae,

166 429 269 490 ‘vestigia
278 429 434 474 tantummodo
444 425 552 486 exstant),
559 428 591 474 ita
602 429 676 502 aiebat
684 435 788 498 oportere
797 429 838 473 ho·
904 461 905 472 ,

174 493 246 538 mines
256 493 279 537 in
291 507 333 538 usu
341 493 444 539 amicitiae
453 492 543 545 versari,
553 499 578 537 ut
588 493 741 538 meminissent
751 507 799 537 eam
810 491 839 538 ad

174 557 317 619 gravissimas
327 557 453 603 iuimicitias
463 571 529 618 posse
540 557 647 604 converti.
669 555 739 609 Quod
749 556 838 615 quidem

173 627 309 683 praeceptum
318 620 389 683 primi
397 622 470 685 specie
477 621 543 667 nimis
550 620 645 667 fortasse
652 620 754 666 callidum
763 621 839 667 videa-

173 695 217 739 tur,
232 686 390 748 inimicumque
405 686 546 747 simplicitati,
562 684 606 746 qui
619 685 730 746 praecipue
744 683 838 731 familia-

174 751 227 796 ritas
242 751 338 810 gaudet:
361 751 406 804 sed,
425 751 443 796 si
457 751 570 796 altioribus
584 750 662 796 animis
677 749 785 810 cogitatio
799 750 838 796 de-

172 815 242 861 missa
251 815 325 869 suerit,
337 831 444 878 perquam
455 815 509 862 utile
519 815 646 876 reperietur.

208 877 256 942 (4.)
278 879 438 942 Lampsacenae
456 895 510 925 vero
530 880 589 925 urbis
608 879 666 925 salus
683 878 749 923 unius
765 877 839 924 uafra-
904 845 905 850 =

174 945 245 990 menti
252 944 359 991 beneficio
370 945 476 991 constitit.
495 943 557 990 Nam
569 959 619 990 cum
631 943 657 990 ad
668 943 780 989 excidium
789 943 838 1004 ejrts

173 1023 262 1055 summo
285 1010 358 1056 studio
380 1008 509 1056 Alexander
528 1007 629 1061 serretur,
651 1021 839 1068 progressumque

174 1081 239 1120 extra
255 1074 338 1120 moenia
355 1075 525 1126 Anaximeuem,
541 1079 701 1134 praeceptorem
716 1072 839 1124 sniumei·
904 1091 905 1118 3

173 1137 256 1196 disset3
271 1140 322 1200 quia
330 1139 471 1186 manifestum
480 1145 534 1191 erat,
545 1137 653 1190 futurum,
665 1143 691 1182 ut
699 1151 778 1197 preces
787 1150 839 1182 suaa
904 1139 905 1190 ᾖ

173 1202 214 1249 irae
227 1205 275 1265 ejus
287 1211 421 1265 opponeret;
441 1217 487 1248 nou
501 1201 612 1249 facturum
628 1211 653 1246 se
667 1199 728 1261 quod
738 1201 836 1261 petisset,

169 1267 262 1328 jurarit.
289 1267 356 1314 Tunc
373 1267 532 1320 Anaximenes,
554 1274 570 1296 “
584 1263 666 1318 Peto,”
686 1265 765 1324 inquit,
786 1272 838 1310 “ut
904 1265 905 1336 p

174 1329 324 1396 Lampsacum
336 1331 436 1378 diruas.'’
452 1330 514 1377 Haec
525 1331 631 1378 velocitas
642 1329 768 1391 sagacitatis
775 1329 838 1390 appi·

174 1395 227 1441 dum
239 1393 327 1442 vetusti
338 1397 451 1441 nobilitate
458 1395 567 1454 inclytum
576 1395 650 1447 exitio,
660 1393 696 1440 cui
704 1393 837 1440 destinatum
904 1411 905 1464 p

174 1467 228 1513 erat,
242 1460 357 1506 subtraxit.

208 1522 256 1586 (5.)
272 1523 434 1570 Demosthenis
447 1539 536 1585 quoque
550 1521 631 1570 astutia
645 1522 738 1569 mirifice
751 1523 837 1570 cuidam
904 1497 905 1540 ἦ

164 1587 261 1634 ·aneillae
279 1603 408 1633 succursum
423 1597 464 1641 est,
479 1605 531 1650 quae
547 1589 670 1650 pecuniam,
687 1587 783 1649 depositi
798 1603 838 1634 no-
904 1607 905 1636 t

174 1651 240 1706 mine,
253 1667 267 1698 a
277 1651 362 1698 duobus
372 1653 495 1714 hospitibus
505 1659 626 1715 acceperat,
638 1650 665 1699 ei
675 1652 804 1700 conditione
814 1658 838 1698 ut
904 1671 905 1688 2

173 1716 233 1762 illam
248 1717 313 1763 dmul
324 1717 423 1778 utrisque
437 1718 545 1764 redderet·
572 1717 677 1770 Quorum
691 1717 756 1770 alter,
767 1718 839 1764 iuter·
904 1723 905 1778 ζ

168 1781 232 1843 jecto
242 1789 349 1843 tempore,
361 1788 474 1844 tamquam
485 1789 574 1828 mortuo
586 1783 653 1835 socio,
666 1781 769 1842 squalore
781 1781 839 1828 obsi·
904 1785 905 1792 ’

171 1853 216 1900 tus,
240 1847 339 1910 deceptae
358 1862 438 1894 omnes
457 1861 561 1893 nummos
577 1847 676 1893 abstrait.
704 1845 839 1908 Supervenit

173 1911 253 1959 ddude
270 1913 332 1966 alter,
350 1919 373 1958 et
390 1912 514 1974 depositum
533 1917 608 1974 petere
624 1911 699 1973 coepit.
730 1909 839 1957 Haemhat

173 1977 255 2024 misera
268 1978 292 2023 in
307 1974 404 2023 maximia
417 1977 500 2038 pariter
516 1984 539 2022 et
553 1977 653 2038 pecuniae
668 1982 691 2021 et
700 1973 839 2022 defensionis

123 2043 125 2050 '
172 2041 281 2102 penurii3
299 2043 391 2104 jamque
409 2041 437 2087 de
452 2041 531 2101 laqueo
547 2048 570 2087 et
587 2039 705 2102 suspendio
721 2041 841 2101 cogitabat·

174 2105 219 2152 Sed
230 2115 354 2169 opportune
365 2103 532 2152 Demosthenes
540 2106 561 2152 ei
569 2113 675 2166 patronus
683 2102 779 2162 affulsit3
793 2104 839 2165 qui,

172 2177 198 2216 ut
208 2171 231 2216 iu
243 2171 411 2218 advocationem
419 2171 488 2224 venit,
502 2169 725 2229 “hlulier,'’·inquit,
739 2175 756 2198 ‘⁸
765 2176 841 2231 parata

172 2241 207 2280 est
216 2236 309 2298 depositi
318 2245 342 2282 se
349 2235 393 2282 fide
401 2235 498 2282 solvere:
513 2235 558 2288 sed,
569 2235 611 2280 uisi
619 2234 703 2281 socium
712 2232 838 2286 adduxeris,

172 2299 195 2343 id
210 2299 284 2348 facere
298 2315 344 2346 non
360 2307 449 2362 potest;
469 2299 581 2360 quoniam,
597 2306 623 2345 ut
639 2299 687 2360 ipse
701 2297 838 2350 vociferaris,

165 2361 222 2412 ¹haec
233 2364 291 2446 dicta
302 2371 336 2412 est
346 2365 390 2419 lex,
403 2380 432 2412 ne
441 2365 536 2426 pecunia
545 2364 608 2410 alteri
619 2364 667 2410 sine
677 2362 748 2409 altero
760 2376 840 2409 nume-

175 2427 263 2471 retun’

205 2489 251 2550 (6.)
264 2491 300 2538 Ac
311 2507 340 2538 ne
347 2493 402 2539 illud
409 2508 487 2556 parum
495 2493 585 2555 quidem
593 2492 719 2555 prudenter.
740 2491 840 2552 Quidam
904 2527 905 2548 ;

174 2549 277 2608 Athenis,
294 2557 398 2604 universo
413 2559 496 2621 populo
511 2559 604 2612 invisus,
617 2573 706 2605 causam
718 2558 779 2619 apud
789 2571 839 2604 eum
904 2551 905 2592 l

166 2616 259 2676 ,capitali
273 2620 365 2669 crimine
380 2623 487 2690 dicturus,
504 2624 627 2694 martimum
642 2617 841 2694 honoretnxsuhit'o

903 2609 905 2678 j
