1828 2982
180 171 233 220 938
281 168 359 219 VAL
373 163 510 218 Malum
527 161 579 213 Ins.
592 159 638 209 vl.
653 155 719 211 css:
728 153 755 208 ὰ

183 299 267 412 ppelpm,
284 300 359 347 odium
378 295 462 362 patrie,
482 295 602 343 violentam
621 284 854 346 mosemtnffigere't·

253 372 291 412 aut
301 366 351 411 haec
362 371 401 411 aut
415 363 454 410 illa
467 361 570 408 universa
575 375 583 416 ;
601 357 640 403 aad
653 355 723 408 varia,
737 349 851 414 perplexi·

185 428 245 476 freto
255 436 322 490 atque
332 429 397 475 aestui
409 426 493 474 similia.

219 491 269 556 (5.)
281 494 320 540 Ad
327 493 432 539 invidiam
443 505 520 552 usque,
533 485 664 548 Polycratis,
678 482 806 530 Samiorum
817 483 852 534 ty·

185 558 257 612 sanni,
273 557 466 604 abundantissimis
482 554 546 601 bonis
563 549 696 611 conspicuus
709 547 765 592 ritae
778 541 853 602 fulgor

187 621 297 679 excessit3
315 637 357 668 nec
372 621 420 668 sine
434 617 507 667 causi.
534 617 620 664 Omnes
631 613 690 660 enim
701 617 797 657 commu
806 605 851 678 ejus

186 687 273 748 placido
284 687 448 748 excipiebantur
458 685 550 730 itinere:
570 694 620 742 spes
634 684 719 724 certum
731 673 813 736 cupitas
822 679 852 713 aa

186 749 285 798 fructum
300 751 503 813 apprehendebant:
517 752 577 794 'vota
591 742 775 804 nuncupabantur
789 731 852 781 and

187 822 211 862 et
222 817 376 864 solvebantur:
396 815 454 862 velle
466 829 492 860 ac
502 825 568 874 posse
578 811 601 856 in
612 822 677 868 aequo
687 803 786 867 positum
796 803 848 845 erat·

187 880 265 928 Sernel
279 881 387 928 duntaxat
400 880 487 927 vultum
497 875 600 927 mutarit,
611 866 790 936 perquambrcvi
803 862 851 909 tris·

188 945 246 992 titiae
257 943 341 992 salebri
351 959 487 996 succussum,
506 948 561 988 tunc
571 953 623 985 curn
633 934 754 983 admodum
765 935 849 992 gratum

187 1010 231 1058 sibi
239 1011 345 1058 annulum
356 1009 384 1056 de
393 1005 501 1056 industrii
511 1007 535 1052 in
545 1001 687 1066 profundum,
696 1013 726 1044 ne
737 995 809 1042 omnis
817 991 851 1036 in-

190 1076 302 1122 commodi
312 1089 391 1137 expers
401 1080 467 1127 esset,
479 1069 571 1133 abjecit:
584 1081 651 1129 quem
661 1072 738 1111 tamen
748 1058 849 1106 continuo

190 1141 335 1203 recuperavit,
352 1145 416 1201 capto
430 1138 498 1200 pisce,
515 1135 552 1196 qui
567 1147 618 1180 eum
632 1130 785 1177 devoraverat.
809 1118 850 1168 Sed

190 1205 258 1259 hunc,
277 1206 340 1266 cujus
354 1203 447 1250 felicitas
461 1215 548 1262 semper
564 1196 635 1260 plenis
651 1194 707 1242 velis
724 1197 848 1252 prospemm

116 1315 118 1323 ,
190 1283 281 1316 cursum
292 1270 370 1322 terruit,
383 1268 488 1321 Orontes,
500 1263 566 1312 Darii
577 1261 636 1323 regis
646 1256 774 1322 praetecrus,
785 1253 807 1297 in
815 1261 849 1295 Β·

191 1335 313 1388 celsissimo
328 1333 468 1394 Mycalensis
482 1328 565 1376 montis
575 1325 658 1373 vertice
668 1321 729 1370 cruci
739 1315 819 1365 affixit:
835 1325 848 1357 e

192 1395 236 1458 qui
242 1405 319 1460 putres
327 1399 375 1458 ejus
385 1403 446 1444 artus
457 1403 481 1442 et
490 1393 563 1441 tabido
574 1404 653 1437 cruore
662 1383 776 1434 manantia
785 1391 848 1452 rnen·

191 1462 238 1515 bra,
255 1468 321 1522 atque
334 1461 395 1506 illam
405 1462 494 1514 laevam,
510 1458 547 1504 cui
557 1455 678 1516 Neptunus
692 1447 797 1498 annulum
808 1456 847 1518 με]

192 1525 273 1572 catoris
281 1539 348 1570 manu
355 1525 488 1577 restituerat,
498 1523 542 1568 situ
549 1518 676 1570 marcidam,
688 1516 774 1564 samos,
783 1519 848 1556 amm

192 1588 300 1636 servitute
309 1588 537 1649 aliquamdiu'pressa,
548 1583 621 1630 liberis
631 1597 657 1627 ac
667 1579 726 1626 laetis
737 1574 804 1623 oculis
813 1568 845 1617 ad·

191 1653 272 1715 spexit

180 1779 182 1783 ι
226 1714 275 1781 (6.)
292 1715 419 1778 Dionysius
435 1723 516 1768 autem,
534 1727 592 1765 cum,
609 1705 746 1756 haereditatis
759 1701 845 1750 nornine,

192 1789 286 1845 epatre,
299 1782 489 1843 Syracusanorum
500 1794 526 1826 ac
537 1791 601 1840 paene
611 1773 680 1820 totius
689 1770 771 1818 Siciliae
781 1775 846 1828 tyru-

192 1848 268 1896 nidem
283 1846 411 1909 accepisset,
426 1845 573 1892 maximarum
588 1835 780 1902 opumdominus,
791 1842 845 1878 exer·

193 1913 279 1960 situum
287 1913 340 1966 dux,
350 1917 423 1958 rector
430 1909 540 1961 classium,
549 1905 689 1967 equitatuum
694 1906 781 1961 potens
789 1906 845 1958 pmi-

97 1993 98 1998 ’
193 1985 230 2030 ter
236 1977 333 2040 inopiam
343 1977 418 2023 literas
428 1973 532 2040 puerulos
544 1967 647 2019 Corinthi
657 1963 740 2013 docuit.
758 1959 846 2032 E⁰d⁰¹f⁸

195 2057 239 2104 que
246 2049 353 2104 tempore,
366 2037 427 2087 tantd
437 2038 568 2090 mutatione,
583 2033 678 2095 majores
688 2035 750 2082 natu,
766 2041 794 2072 rra
806 2035 846 2084 quta
893 2025 894 2082 g

194 2107 262 2154 nimis
275 2105 385 2154 Fortunae
398 2103 504 2156 crederet,
520 2099 627 2163 magister
640 2095 686 2143 ludi
698 2093 772 2140 fastus
782 2101 808 2137 ex
816 2094 846 2147 ty·

195 2187 273 2226 ranno,
285 2171 380 2218 monuit.

228 2233 277 2300 (7.)
296 2235 400 2296 Sequitur
412 2235 472 2281 hunc
483 2231 575 2294 Syphax
588 2241 636 2280 rex,
652 2222 789 2272 coadmilan
798 2215 847 2264 For·

194 2306 258 2347 tunsa
267 2299 405 2360 iniquitatem
413 2305 531 2360 expertum
544 2309 610 2356 quem
621 2291 717 2338 amicum
725 2287 777 2333 hinc
784 2283 848 2330 Ram!
893 2319 894 2322 η

194 2379 236 2426 per
254 2363 388 2423 Scipionem,
408 2363 469 2410 illinc
491 2358 606 2420 Carthago
626 2369 666 2418 per
688 2347 846 2398 Romnum,
893 2365 894 2392 ς

194 2427 255 2472 ultro
262 2427 356 2486 petitum
364 2427 392 2472 ad
399 2434 491 2488 penates
498 2423 564 2471 Deos
571 2423 619 2484 ejus
627 2423 727 2466 venerat.
746 2412 848 2462 esrem

195 2503 224 2535 eo
242 2489 347 2534 claritatis
362 2497 460 2544 evectus,
481 2497 507 2536 ut
525 2484 710 2535 validissimorum
729 2477 848 2541 populeum

195 2558 284 2624 tantum
294 2565 340 2596 rron
351 2554 431 2600 arbiter
438 2553 539 2599 victoriae
546 2551 671 2600 exsisteret,
683 2544 746 2607 parsi
755 2536 847 2602 temporis

158 2629 162 2636 '
196 2612 312 2686 mielloeffi
322 2614 392 2668 mori,
407 2624 521 2663 catenatus
532 2631 545 2662 a
556 2614 629 2662 Laelio
642 2613 718 2672 legato
733 2607 761 2654 ed
775 2601 847 2666 sapio

196 2689 248 2722 nem
258 2684 415 2736 lmpemtorem
423 2687 547 2741 pertractus
558 2685 606 2726 est:
626 2671 845 2738 cujusquedenterm
893 2661 894 2700 l
