<?xml version="1.0" encoding="UTF-8"?>
<!DOCTYPE html PUBLIC "-//W3C//DTD XHTML 1.0 Transitional//EN"
    "http://www.w3.org/TR/xhtml1/DTD/xhtml1-transitional.dtd">
<html xmlns="http://www.w3.org/1999/xhtml" xml:lang="en" lang="en">
 <head>
  <title>
</title>
<meta http-equiv="Content-Type" content="text/html;charset=utf-8" />
  <meta name='ocr-system' content='tesseract 3.04.00' />
  <meta name='ocr-capabilities' content='ocr_page ocr_carea ocr_par ocr_line ocrx_word'/>
</head>
<body>
  <div class='ocr_page' id='page_1' title='image "./valeriimaximifa00kappgoog_0252.png"; bbox 0 0 1828 2982; ppageno 0'>
   <div class='ocr_carea' id='block_1_1' title="bbox 160 179 738 236">
    <p class='ocr_par' dir='ltr' id='par_1_1' title="bbox 160 179 738 236">
     <span class='ocr_line' id='line_1_1' title="bbox 160 179 738 236; baseline 0.005 -5"><span class='ocrx_word' id='word_1_1' title='bbox 160 179 393 232; x_wconf 62' lang='lat' dir='ltr'><strong>Vrii-,MAXIM</strong></span> <span class='ocrx_word' id='word_1_2' title='bbox 409 181 462 233; x_wconf 74' lang='lat' dir='ltr'><strong>Lm</strong></span> <span class='ocrx_word' id='word_1_3' title='bbox 474 183 521 233; x_wconf 82' lang='lat' dir='ltr'><strong>vl.</strong></span> <span class='ocrx_word' id='word_1_4' title='bbox 541 185 601 236; x_wconf 65' lang='lat' dir='ltr'><strong>cir.</strong></span> <span class='ocrx_word' id='word_1_5' title='bbox 615 187 638 230; x_wconf 82' lang='lat'><strong>4.</strong></span> <span class='ocrx_word' id='word_1_6' title='bbox 688 187 738 234; x_wconf 74' lang='grc'><strong>289</strong></span> 
     </span>
    </p>
   </div>
   <div class='ocr_carea' id='block_1_2' title="bbox 63 313 819 2388">
    <p class='ocr_par' dir='ltr' id='par_1_2' title="bbox 63 313 756 896">
     <span class='ocr_line' id='line_1_2' title="bbox 64 313 739 368; baseline -0.004 -4"><span class='ocrx_word' id='word_1_7' title='bbox 64 316 182 364; x_wconf 82' lang='lat' dir='ltr'><strong>rissimum</strong></span> <span class='ocrx_word' id='word_1_8' title='bbox 193 313 305 367; x_wconf 80' lang='lat' dir='ltr'><strong>columen,</strong></span> <span class='ocrx_word' id='word_1_9' title='bbox 317 327 368 360; x_wconf 90' lang='lat' dir='ltr'><strong>cum</strong></span> <span class='ocrx_word' id='word_1_10' title='bbox 379 313 477 360; x_wconf 83' lang='lat' dir='ltr'><strong>Athenis</strong></span> <span class='ocrx_word' id='word_1_11' title='bbox 490 327 579 360; x_wconf 76' lang='lat' dir='ltr'><strong>causam</strong></span> <span class='ocrx_word' id='word_1_12' title='bbox 594 313 684 368; x_wconf 86' lang='lat' dir='ltr'><strong>diceret,</strong></span> <span class='ocrx_word' id='word_1_13' title='bbox 700 315 739 362; x_wconf 85' lang='lat' dir='ltr'><strong>de-</strong></span> 
     </span>
     <span class='ocr_line' id='line_1_3' title="bbox 63 375 741 442; baseline -0.004 -13"><span class='ocrx_word' id='word_1_14' title='bbox 63 381 239 440; x_wconf 79' lang='lat' dir='ltr'><strong>fensionemque</strong></span> <span class='ocrx_word' id='word_1_15' title='bbox 253 379 275 426; x_wconf 90' lang='lat' dir='ltr'><strong>ei</strong></span> <span class='ocrx_word' id='word_1_16' title='bbox 289 377 372 440; x_wconf 75' lang='lat' dir='ltr'><strong>Lysias</strong></span> <span class='ocrx_word' id='word_1_17' title='bbox 382 393 401 424; x_wconf 84' lang='lat' dir='ltr'><strong>a</strong></span> <span class='ocrx_word' id='word_1_18' title='bbox 415 394 439 424; x_wconf 85' lang='lat' dir='ltr'><strong>se</strong></span> <span class='ocrx_word' id='word_1_19' title='bbox 450 379 604 440; x_wconf 73' lang='lat' dir='ltr'><strong>compositam,</strong></span> <span class='ocrx_word' id='word_1_20' title='bbox 616 375 660 439; x_wconf 79' lang='lat' dir='ltr'><strong>qui</strong></span> <span class='ocrx_word' id='word_1_21' title='bbox 670 379 693 424; x_wconf 90' lang='lat' dir='ltr'><strong>in</strong></span> <span class='ocrx_word' id='word_1_22' title='bbox 702 381 741 442; x_wconf 86' lang='lat' dir='ltr'><strong>ju-</strong></span> 
     </span>
     <span class='ocr_line' id='line_1_4' title="bbox 66 441 742 505; baseline -0.007 -11"><span class='ocrx_word' id='word_1_23' title='bbox 66 447 128 494; x_wconf 89' lang='lat' dir='ltr'><strong>dicio</strong></span> <span class='ocrx_word' id='word_1_24' title='bbox 138 451 248 498; x_wconf 86' lang='lat' dir='ltr'><strong>uteretur,</strong></span> <span class='ocrx_word' id='word_1_25' title='bbox 260 441 382 498; x_wconf 77' lang='lat' dir='ltr'><strong>recitdsoet,</strong></span> <span class='ocrx_word' id='word_1_26' title='bbox 395 443 513 490; x_wconf 84' lang='lat' dir='ltr'><strong>demissam</strong></span> <span class='ocrx_word' id='word_1_27' title='bbox 524 451 548 490; x_wconf 90' lang='lat' dir='ltr'><strong>et</strong></span> <span class='ocrx_word' id='word_1_28' title='bbox 558 444 687 505; x_wconf 76' lang='lat' dir='ltr'><strong>supplicem,</strong></span> <span class='ocrx_word' id='word_1_29' title='bbox 697 445 742 490; x_wconf 90' lang='lat' dir='ltr'><strong>im·</strong></span> 
     </span>
     <span class='ocr_line' id='line_1_5' title="bbox 68 507 742 570; baseline -0.003 -13"><span class='ocrx_word' id='word_1_30' title='bbox 68 509 211 570; x_wconf 83' lang='lat' dir='ltr'><strong>minentique</strong></span> <span class='ocrx_word' id='word_1_31' title='bbox 224 509 330 570; x_wconf 78' lang='lat' dir='ltr'><strong>procellae</strong></span> <span class='ocrx_word' id='word_1_32' title='bbox 345 507 549 566; x_wconf 68' lang='lat' dir='ltr'><strong>accommodatum</strong></span> <span class='ocrx_word' id='word_1_33' title='bbox 567 515 584 538; x_wconf 74' lang='lat'><strong>‘⁸</strong></span> <span class='ocrx_word' id='word_1_34' title='bbox 595 507 690 563; x_wconf 82' lang='lat' dir='ltr'><strong>Aufer,&#39;‘</strong></span> <span class='ocrx_word' id='word_1_35' title='bbox 706 509 742 555; x_wconf 90' lang='lat' dir='ltr'><strong>in-</strong></span> 
     </span>
     <span class='ocr_line' id='line_1_6' title="bbox 66 573 742 638; baseline -0.003 -16"><span class='ocrx_word' id='word_1_36' title='bbox 66 577 126 638; x_wconf 86' lang='lat' dir='ltr'><strong>quit,</strong></span> <span class='ocrx_word' id='word_1_37' title='bbox 145 581 161 604; x_wconf 83' lang='lat'><strong>⁴⁴</strong></span> <span class='ocrx_word' id='word_1_38' title='bbox 172 588 258 634; x_wconf 85' lang='lat' dir='ltr'><strong>quaeso,</strong></span> <span class='ocrx_word' id='word_1_39' title='bbox 269 573 350 620; x_wconf 80' lang='lat' dir='ltr'><strong>istam:</strong></span> <span class='ocrx_word' id='word_1_40' title='bbox 369 587 421 620; x_wconf 81' lang='lat' dir='ltr'><strong>nam</strong></span> <span class='ocrx_word' id='word_1_41' title='bbox 432 587 477 634; x_wconf 87' lang='lat' dir='ltr'><strong>ego</strong></span> <span class='ocrx_word' id='word_1_42' title='bbox 487 573 506 618; x_wconf 88' lang='lat' dir='ltr'><strong>si</strong></span> <span class='ocrx_word' id='word_1_43' title='bbox 517 573 595 620; x_wconf 83' lang='lat' dir='ltr'><strong>sdduci</strong></span> <span class='ocrx_word' id='word_1_44' title='bbox 606 579 702 636; x_wconf 81' lang='lat' dir='ltr'><strong>possem,</strong></span> <span class='ocrx_word' id='word_1_45' title='bbox 716 581 742 620; x_wconf 87' lang='lat' dir='ltr'><strong>ut</strong></span> 
     </span>
     <span class='ocr_line' id='line_1_7' title="bbox 67 635 756 699; baseline -0.004 -11"><span class='ocrx_word' id='word_1_46' title='bbox 67 655 120 688; x_wconf 83' lang='lat' dir='ltr'><strong>eam</strong></span> <span class='ocrx_word' id='word_1_47' title='bbox 131 640 155 686; x_wconf 84' lang='lat' dir='ltr'><strong>in</strong></span> <span class='ocrx_word' id='word_1_48' title='bbox 165 635 245 685; x_wconf 75' lang='lat' dir='ltr'><strong>ultimi</strong></span> <span class='ocrx_word' id='word_1_49' title='bbox 256 638 357 698; x_wconf 73' lang='lat' dir='ltr'><strong>scythiae</strong></span> <span class='ocrx_word' id='word_1_50' title='bbox 368 637 487 684; x_wconf 72' lang='lat' dir='ltr'><strong>solitudine</strong></span> <span class='ocrx_word' id='word_1_51' title='bbox 496 653 630 699; x_wconf 77' lang='lat' dir='ltr'><strong>perorarem,</strong></span> <span class='ocrx_word' id='word_1_52' title='bbox 645 646 693 685; x_wconf 88' lang='lat' dir='ltr'><strong>tum</strong></span> <span class='ocrx_word' id='word_1_53' title='bbox 705 655 743 686; x_wconf 92' lang='lat' dir='ltr'><strong>me</strong></span> <span class='ocrx_word' id='word_1_54' title='bbox 753 659 756 668; x_wconf 66' lang='lat'>¹</span> 
     </span>
     <span class='ocr_line' id='line_1_8' title="bbox 67 701 743 767; baseline -0.003 -15"><span class='ocrx_word' id='word_1_55' title='bbox 67 707 119 767; x_wconf 82' lang='lat' dir='ltr'><strong>ipse</strong></span> <span class='ocrx_word' id='word_1_56' title='bbox 129 710 203 750; x_wconf 89' lang='lat' dir='ltr'><strong>morte</strong></span> <span class='ocrx_word' id='word_1_57' title='bbox 216 703 357 750; x_wconf 78' lang='lat' dir='ltr'><strong>multandum</strong></span> <span class='ocrx_word' id='word_1_58' title='bbox 372 701 544 749; x_wconf 67' lang='lat' dir='ltr'><strong>concederem-&#39;¹</strong></span> <span class='ocrx_word' id='word_1_59' title='bbox 569 704 676 765; x_wconf 87' lang='lat' dir='ltr'><strong>Spiritum</strong></span> <span class='ocrx_word' id='word_1_60' title='bbox 688 719 743 750; x_wconf 89' lang='lat' dir='ltr'><strong>ccu-</strong></span> 
     </span>
     <span class='ocr_line' id='line_1_9' title="bbox 68 767 744 830; baseline -0.001 -13"><span class='ocrx_word' id='word_1_61' title='bbox 68 769 156 822; x_wconf 86' lang='lat' dir='ltr'><strong>temsit,</strong></span> <span class='ocrx_word' id='word_1_62' title='bbox 168 783 198 815; x_wconf 88' lang='lat' dir='ltr'><strong>ne</strong></span> <span class='ocrx_word' id='word_1_63' title='bbox 208 775 294 815; x_wconf 79' lang='lat' dir='ltr'><strong>careret</strong></span> <span class='ocrx_word' id='word_1_64' title='bbox 307 768 431 830; x_wconf 81' lang='lat' dir='ltr'><strong>gravitate:</strong></span> <span class='ocrx_word' id='word_1_65' title='bbox 450 767 572 828; x_wconf 78' lang='lat' dir='ltr'><strong>maluitque</strong></span> <span class='ocrx_word' id='word_1_66' title='bbox 587 769 692 816; x_wconf 76' lang='lat' dir='ltr'><strong>Socrates</strong></span> <span class='ocrx_word' id='word_1_67' title='bbox 702 783 744 816; x_wconf 73' lang='lat' dir='ltr'><strong>ex·</strong></span> 
     </span>
     <span class='ocr_line' id='line_1_10' title="bbox 69 831 470 896; baseline -0.002 -17"><span class='ocrx_word' id='word_1_68' title='bbox 69 835 164 896; x_wconf 72' lang='lat' dir='ltr'><strong>stingui,</strong></span> <span class='ocrx_word' id='word_1_69' title='bbox 176 848 243 894; x_wconf 82' lang='lat' dir='ltr'><strong>quum</strong></span> <span class='ocrx_word' id='word_1_70' title='bbox 254 831 337 893; x_wconf 84' lang='lat' dir='ltr'><strong>Lysias</strong></span> <span class='ocrx_word' id='word_1_71' title='bbox 348 847 470 894; x_wconf 75' lang='lat' dir='ltr'><strong>superesse.</strong></span> 
     </span>
    </p>

    <p class='ocr_par' dir='ltr' id='par_1_3' title="bbox 71 893 747 1535">
     <span class='ocr_line' id='line_1_11' title="bbox 105 893 743 963; baseline 0.002 -19"><span class='ocrx_word' id='word_1_72' title='bbox 105 897 153 963; x_wconf 77' lang='lat'><strong>(3.)</strong></span> <span class='ocrx_word' id='word_1_73' title='bbox 178 897 284 952; x_wconf 77' lang='lat' dir='ltr'><strong>Qrantus</strong></span> <span class='ocrx_word' id='word_1_74' title='bbox 302 898 339 943; x_wconf 92' lang='lat' dir='ltr'><strong>hic</strong></span> <span class='ocrx_word' id='word_1_75' title='bbox 357 897 381 942; x_wconf 87' lang='lat' dir='ltr'><strong>in</strong></span> <span class='ocrx_word' id='word_1_76' title='bbox 401 893 515 958; x_wconf 84' lang='lat' dir='ltr'><strong>sapientid,</strong></span> <span class='ocrx_word' id='word_1_77' title='bbox 537 903 615 943; x_wconf 85' lang='lat' dir='ltr'><strong>tantus</strong></span> <span class='ocrx_word' id='word_1_78' title='bbox 633 897 657 942; x_wconf 94' lang='lat' dir='ltr'><strong>in</strong></span> <span class='ocrx_word' id='word_1_79' title='bbox 675 898 743 945; x_wconf 80' lang='lat' dir='ltr'><strong>ermis</strong></span> 
     </span>
     <span class='ocr_line' id='line_1_12' title="bbox 71 960 743 1012; baseline -0.004 -1"><span class='ocrx_word' id='word_1_80' title='bbox 71 962 204 1012; x_wconf 66' lang='lat' dir='ltr'><strong>Alexander</strong></span> <span class='ocrx_word' id='word_1_81' title='bbox 213 961 274 1008; x_wconf 86' lang='lat' dir='ltr'><strong>illum</strong></span> <span class='ocrx_word' id='word_1_82' title='bbox 285 977 365 1009; x_wconf 83' lang='lat' dir='ltr'><strong>vocem</strong></span> <span class='ocrx_word' id='word_1_83' title='bbox 380 961 483 1007; x_wconf 85' lang='lat' dir='ltr'><strong>nobiliter</strong></span> <span class='ocrx_word' id='word_1_84' title='bbox 492 960 567 1006; x_wconf 90' lang='lat' dir='ltr'><strong>edidit.</strong></span> <span class='ocrx_word' id='word_1_85' title='bbox 594 961 668 1008; x_wconf 86' lang='lat' dir='ltr'><strong>Dario</strong></span> <span class='ocrx_word' id='word_1_86' title='bbox 682 963 743 1008; x_wconf 90' lang='lat' dir='ltr'><strong>enim</strong></span> 
     </span>
     <span class='ocr_line' id='line_1_13' title="bbox 71 1026 745 1155; baseline -0.007 -13"><span class='ocrx_word' id='word_1_87' title='bbox 71 1026 745 1155; x_wconf 47' lang='lat' dir='ltr'><strong>littJttmiigtiitiiiitlimittit</strong></span> 
     </span>
     <span class='ocr_line' id='line_1_14' title="bbox 73 1154 745 1205; baseline -0.003 -1"><span class='ocrx_word' id='word_1_88' title='bbox 73 1157 242 1205; x_wconf 74' lang='lat' dir='ltr'><strong>matrimonium</strong></span> <span class='ocrx_word' id='word_1_89' title='bbox 260 1171 311 1203; x_wconf 86' lang='lat' dir='ltr'><strong>cum</strong></span> <span class='ocrx_word' id='word_1_90' title='bbox 326 1155 399 1202; x_wconf 83' lang='lat' dir='ltr'><strong>decies</strong></span> <span class='ocrx_word' id='word_1_91' title='bbox 414 1159 504 1200; x_wconf 90' lang='lat' dir='ltr'><strong>centum</strong></span> <span class='ocrx_word' id='word_1_92' title='bbox 521 1154 618 1200; x_wconf 90' lang='lat' dir='ltr'><strong>millibus</strong></span> <span class='ocrx_word' id='word_1_93' title='bbox 635 1155 745 1202; x_wconf 79' lang='lat' dir='ltr'><strong>telentdm</strong></span> 
     </span>
     <span class='ocr_line' id='line_1_15' title="bbox 72 1217 747 1286; baseline -0.001 -18"><span class='ocrx_word' id='word_1_94' title='bbox 72 1221 202 1286; x_wconf 83' lang='lat' dir='ltr'><strong>pollicente,</strong></span> <span class='ocrx_word' id='word_1_95' title='bbox 219 1235 272 1268; x_wconf 90' lang='lat' dir='ltr'><strong>cum</strong></span> <span class='ocrx_word' id='word_1_96' title='bbox 288 1219 425 1266; x_wconf 73' lang='lat' dir='ltr'><strong>Parmenion</strong></span> <span class='ocrx_word' id='word_1_97' title='bbox 441 1217 540 1273; x_wconf 75' lang='lat' dir='ltr'><strong>dixisset,</strong></span> <span class='ocrx_word' id='word_1_98' title='bbox 559 1219 622 1273; x_wconf 74' lang='lat' dir='ltr'><strong>“Se,</strong></span> <span class='ocrx_word' id='word_1_99' title='bbox 641 1219 659 1265; x_wconf 89' lang='lat' dir='ltr'><strong>si</strong></span> <span class='ocrx_word' id='word_1_100' title='bbox 674 1220 747 1267; x_wconf 84' lang='lat' dir='ltr'><strong>Alex·</strong></span> 
     </span>
     <span class='ocr_line' id='line_1_16' title="bbox 73 1281 747 1345; baseline -0.004 -10"><span class='ocrx_word' id='word_1_101' title='bbox 73 1287 146 1335; x_wconf 77' lang='lat' dir='ltr'><strong>ander</strong></span> <span class='ocrx_word' id='word_1_102' title='bbox 160 1292 226 1340; x_wconf 88' lang='lat' dir='ltr'><strong>esset,</strong></span> <span class='ocrx_word' id='word_1_103' title='bbox 245 1299 338 1332; x_wconf 86' lang='lat' dir='ltr'><strong>usurum</strong></span> <span class='ocrx_word' id='word_1_104' title='bbox 355 1281 516 1330; x_wconf 88' lang='lat' dir='ltr'><strong>conditione:‘’</strong></span> <span class='ocrx_word' id='word_1_105' title='bbox 537 1283 665 1345; x_wconf 80' lang='lat' dir='ltr'><strong>respondit:</strong></span> <span class='ocrx_word' id='word_1_106' title='bbox 685 1285 747 1332; x_wconf 87' lang='lat' dir='ltr'><strong>“Et</strong></span> 
     </span>
     <span class='ocr_line' id='line_1_17' title="bbox 73 1346 747 1414; baseline -0.001 -16"><span class='ocrx_word' id='word_1_107' title='bbox 73 1367 122 1414; x_wconf 73' lang='lat' dir='ltr'><strong>ego</strong></span> <span class='ocrx_word' id='word_1_108' title='bbox 130 1357 212 1405; x_wconf 86' lang='lat' dir='ltr'><strong>uterer,</strong></span> <span class='ocrx_word' id='word_1_109' title='bbox 225 1349 388 1397; x_wconf 79' lang='lat' dir='ltr'><strong>siPatmenion</strong></span> <span class='ocrx_word' id='word_1_110' title='bbox 396 1363 468 1394; x_wconf 84' lang='lat' dir='ltr'><strong>essem</strong></span> <span class='ocrx_word' id='word_1_111' title='bbox 476 1346 502 1394; x_wconf 87' lang='lat'><strong>:”</strong></span> <span class='ocrx_word' id='word_1_112' title='bbox 514 1363 593 1395; x_wconf 86' lang='lat' dir='ltr'><strong>vocem</strong></span> <span class='ocrx_word' id='word_1_113' title='bbox 604 1349 689 1396; x_wconf 88' lang='lat' dir='ltr'><strong>duabus</strong></span> <span class='ocrx_word' id='word_1_114' title='bbox 699 1350 747 1397; x_wconf 87' lang='lat' dir='ltr'><strong>vic·</strong></span> 
     </span>
     <span class='ocr_line' id='line_1_18' title="bbox 73 1413 747 1477; baseline -0.001 -13"><span class='ocrx_word' id='word_1_115' title='bbox 73 1416 140 1464; x_wconf 81' lang='lat' dir='ltr'><strong>toriis</strong></span> <span class='ocrx_word' id='word_1_116' title='bbox 150 1415 330 1477; x_wconf 79' lang='lat' dir='ltr'><strong>respondentem,</strong></span> <span class='ocrx_word' id='word_1_117' title='bbox 342 1414 478 1476; x_wconf 73' lang='lat' dir='ltr'><strong>dignamque</strong></span> <span class='ocrx_word' id='word_1_118' title='bbox 487 1414 523 1460; x_wconf 90' lang='lat' dir='ltr'><strong>cui</strong></span> <span class='ocrx_word' id='word_1_119' title='bbox 534 1413 606 1470; x_wconf 86' lang='lat' dir='ltr'><strong>tertia,</strong></span> <span class='ocrx_word' id='word_1_120' title='bbox 623 1414 681 1462; x_wconf 87' lang='lat' dir='ltr'><strong>sicut</strong></span> <span class='ocrx_word' id='word_1_121' title='bbox 693 1429 747 1463; x_wconf 84' lang='lat' dir='ltr'><strong>eve·</strong></span> 
     </span>
     <span class='ocr_line' id='line_1_19' title="bbox 75 1481 271 1535; baseline -0.015 -6"><span class='ocrx_word' id='word_1_122' title='bbox 75 1483 119 1535; x_wconf 85' lang='lat' dir='ltr'><strong>nit,</strong></span> <span class='ocrx_word' id='word_1_123' title='bbox 132 1481 271 1527; x_wconf 85' lang='lat' dir='ltr'><strong>tribueretur.</strong></span> 
     </span>
    </p>

    <p class='ocr_par' dir='ltr' id='par_1_4' title="bbox 75 1533 750 2000">
     <span class='ocr_line' id='line_1_20' title="bbox 108 1533 747 1610; baseline 0 -18"><span class='ocrx_word' id='word_1_124' title='bbox 108 1543 156 1610; x_wconf 81' lang='lat'><strong>(4.)</strong></span> <span class='ocrx_word' id='word_1_125' title='bbox 174 1533 256 1606; x_wconf 71' lang='lat' dir='ltr'><strong>Atque</strong></span> <span class='ocrx_word' id='word_1_126' title='bbox 266 1546 316 1592; x_wconf 86' lang='lat' dir='ltr'><strong>haec</strong></span> <span class='ocrx_word' id='word_1_127' title='bbox 330 1543 419 1605; x_wconf 87' lang='lat' dir='ltr'><strong>quidem</strong></span> <span class='ocrx_word' id='word_1_128' title='bbox 430 1543 498 1590; x_wconf 86' lang='lat' dir='ltr'><strong>animi</strong></span> <span class='ocrx_word' id='word_1_129' title='bbox 509 1544 629 1606; x_wconf 83' lang='lat' dir='ltr'><strong>magnifici,</strong></span> <span class='ocrx_word' id='word_1_130' title='bbox 645 1555 669 1592; x_wconf 90' lang='lat' dir='ltr'><strong>et</strong></span> <span class='ocrx_word' id='word_1_131' title='bbox 682 1561 747 1608; x_wconf 86' lang='lat' dir='ltr'><strong>pros-</strong></span> 
     </span>
     <span class='ocr_line' id='line_1_21' title="bbox 75 1605 747 1676; baseline 0 -18"><span class='ocrx_word' id='word_1_132' title='bbox 75 1611 126 1676; x_wconf 88' lang='lat' dir='ltr'><strong>peri</strong></span> <span class='ocrx_word' id='word_1_133' title='bbox 142 1610 227 1657; x_wconf 78' lang='lat' dir='ltr'><strong>statiis:</strong></span> <span class='ocrx_word' id='word_1_134' title='bbox 245 1610 284 1657; x_wconf 81' lang='lat' dir='ltr'><strong>ills</strong></span> <span class='ocrx_word' id='word_1_135' title='bbox 297 1625 359 1662; x_wconf 85' lang='lat' dir='ltr'><strong>vero,</strong></span> <span class='ocrx_word' id='word_1_136' title='bbox 375 1605 420 1670; x_wconf 78' lang='lat' dir='ltr'><strong>qui</strong></span> <span class='ocrx_word' id='word_1_137' title='bbox 439 1609 508 1672; x_wconf 82' lang='lat' dir='ltr'><strong>legati</strong></span> <span class='ocrx_word' id='word_1_138' title='bbox 523 1608 747 1658; x_wconf 84' lang='lat' dir='ltr'><strong>Lscedaemoniorum</strong></span> 
     </span>
     <span class='ocr_line' id='line_1_22' title="bbox 77 1673 748 1740; baseline -0.001 -17"><span class='ocrx_word' id='word_1_139' title='bbox 77 1675 139 1740; x_wconf 87' lang='lat' dir='ltr'><strong>spud</strong></span> <span class='ocrx_word' id='word_1_140' title='bbox 153 1682 238 1737; x_wconf 68' lang='lat' dir='ltr'><strong>penem</strong></span> <span class='ocrx_word' id='word_1_141' title='bbox 253 1676 302 1738; x_wconf 86' lang='lat' dir='ltr'><strong>ejus</strong></span> <span class='ocrx_word' id='word_1_142' title='bbox 316 1674 421 1720; x_wconf 88' lang='lat' dir='ltr'><strong>miseram</strong></span> <span class='ocrx_word' id='word_1_143' title='bbox 432 1673 569 1721; x_wconf 79' lang='lat' dir='ltr'><strong>fortitudinis</strong></span> <span class='ocrx_word' id='word_1_144' title='bbox 580 1689 627 1722; x_wconf 83' lang='lat' dir='ltr'><strong>suae</strong></span> <span class='ocrx_word' id='word_1_145' title='bbox 638 1677 748 1722; x_wconf 91' lang='lat' dir='ltr'><strong>conditio-</strong></span> 
     </span>
     <span class='ocr_line' id='line_1_23' title="bbox 76 1739 750 1801; baseline -0.001 -12"><span class='ocrx_word' id='word_1_146' title='bbox 76 1755 131 1789; x_wconf 87' lang='lat' dir='ltr'><strong>nem</strong></span> <span class='ocrx_word' id='word_1_147' title='bbox 140 1740 215 1788; x_wconf 76' lang='lat' dir='ltr'><strong>testuti</strong></span> <span class='ocrx_word' id='word_1_148' title='bbox 226 1747 286 1793; x_wconf 85' lang='lat' dir='ltr'><strong>sunt,</strong></span> <span class='ocrx_word' id='word_1_149' title='bbox 297 1739 417 1801; x_wconf 84' lang='lat' dir='ltr'><strong>gloriosior</strong></span> <span class='ocrx_word' id='word_1_150' title='bbox 427 1753 494 1798; x_wconf 86' lang='lat' dir='ltr'><strong>quam</strong></span> <span class='ocrx_word' id='word_1_151' title='bbox 504 1739 628 1800; x_wconf 74' lang='lat' dir='ltr'><strong>optabilior.</strong></span> <span class='ocrx_word' id='word_1_152' title='bbox 637 1739 750 1788; x_wconf 86' lang='lat' dir='ltr'><strong>Intolera-</strong></span> 
     </span>
     <span class='ocr_line' id='line_1_24' title="bbox 76 1803 749 1865; baseline -0.003 -11"><span class='ocrx_word' id='word_1_153' title='bbox 76 1807 159 1855; x_wconf 86' lang='lat' dir='ltr'><strong>bilibus</strong></span> <span class='ocrx_word' id='word_1_154' title='bbox 166 1804 226 1852; x_wconf 87' lang='lat' dir='ltr'><strong>enim</strong></span> <span class='ocrx_word' id='word_1_155' title='bbox 237 1805 341 1852; x_wconf 84' lang='lat' dir='ltr'><strong>oneribus</strong></span> <span class='ocrx_word' id='word_1_156' title='bbox 351 1803 464 1850; x_wconf 84' lang='lat' dir='ltr'><strong>civitatem</strong></span> <span class='ocrx_word' id='word_1_157' title='bbox 474 1817 552 1849; x_wconf 90' lang='lat' dir='ltr'><strong>eorum</strong></span> <span class='ocrx_word' id='word_1_158' title='bbox 563 1803 692 1865; x_wconf 87' lang='lat' dir='ltr'><strong>implicanti,</strong></span> <span class='ocrx_word' id='word_1_159' title='bbox 706 1806 749 1852; x_wconf 82' lang='lat' dir='ltr'><strong>“si</strong></span> 
     </span>
     <span class='ocr_line' id='line_1_25' title="bbox 77 1869 750 1954; baseline -0.001 -36"><span class='ocrx_word' id='word_1_160' title='bbox 77 1871 136 1933; x_wconf 79' lang='lat' dir='ltr'><strong>quaid</strong></span> <span class='ocrx_word' id='word_1_161' title='bbox 142 1877 217 1918; x_wconf 84' lang='lat' dir='ltr'><strong>morte</strong></span> <span class='ocrx_word' id='word_1_162' title='bbox 226 1870 318 1954; x_wconf 65' lang='lat' dir='ltr'><strong>pravius</strong></span> <span class='ocrx_word' id='word_1_163' title='bbox 327 1869 437 1930; x_wconf 79' lang='lat' dir='ltr'><strong>imperare</strong></span> <span class='ocrx_word' id='word_1_164' title='bbox 446 1874 605 1929; x_wconf 82' lang='lat' dir='ltr'><strong>perseveraret,</strong></span> <span class='ocrx_word' id='word_1_165' title='bbox 616 1875 713 1916; x_wconf 79' lang='lat' dir='ltr'><strong>mortem</strong></span> <span class='ocrx_word' id='word_1_166' title='bbox 725 1885 750 1917; x_wconf 88' lang='lat' dir='ltr'><strong>se</strong></span> 
     </span>
     <span class='ocr_line' id='line_1_26' title="bbox 76 1933 418 2000; baseline -0.012 -17"><span class='ocrx_word' id='word_1_167' title='bbox 76 1933 228 2000; x_wconf 60' lang='lat' dir='ltr'><strong>prsehturou&#39;</strong></span> <span class='ocrx_word' id='word_1_168' title='bbox 249 1934 418 1996; x_wconf 70' lang='lat' dir='ltr'><strong>responderunt,</strong></span> 
     </span>
    </p>

    <p class='ocr_par' dir='ltr' id='par_1_5' title="bbox 75 1994 819 2388">
     <span class='ocr_line' id='line_1_27' title="bbox 112 1994 745 2066; baseline -0.003 -19"><span class='ocrx_word' id='word_1_169' title='bbox 112 1999 164 2066; x_wconf 84' lang='lat'><strong>(5.)</strong></span> <span class='ocrx_word' id='word_1_170' title='bbox 175 1999 228 2046; x_wconf 85' lang='lat' dir='ltr'><strong>Nec</strong></span> <span class='ocrx_word' id='word_1_171' title='bbox 237 2015 316 2062; x_wconf 79' lang='lat' dir='ltr'><strong>perum</strong></span> <span class='ocrx_word' id='word_1_172' title='bbox 326 2014 397 2062; x_wconf 80' lang='lat' dir='ltr'><strong>greve</strong></span> <span class='ocrx_word' id='word_1_173' title='bbox 408 1997 511 2059; x_wconf 72' lang='lat' dir='ltr'><strong>Spartani</strong></span> <span class='ocrx_word' id='word_1_174' title='bbox 521 1994 636 2058; x_wconf 77' lang='lat' dir='ltr'><strong>cujusdam</strong></span> <span class='ocrx_word' id='word_1_175' title='bbox 647 1996 745 2046; x_wconf 74' lang='lat' dir='ltr'><strong>dicturus</strong></span> 
     </span>
     <span class='ocr_line' id='line_1_28' title="bbox 77 2062 750 2128; baseline -0.007 -16"><span class='ocrx_word' id='word_1_176' title='bbox 77 2065 197 2128; x_wconf 81' lang='lat' dir='ltr'><strong>siquidem,</strong></span> <span class='ocrx_word' id='word_1_177' title='bbox 209 2065 324 2112; x_wconf 87' lang='lat' dir='ltr'><strong>nobilitate</strong></span> <span class='ocrx_word' id='word_1_178' title='bbox 338 2070 361 2110; x_wconf 90' lang='lat' dir='ltr'><strong>et</strong></span> <span class='ocrx_word' id='word_1_179' title='bbox 375 2063 493 2110; x_wconf 83' lang='lat' dir='ltr'><strong>sanctitate</strong></span> <span class='ocrx_word' id='word_1_180' title='bbox 501 2067 618 2124; x_wconf 84' lang='lat' dir='ltr'><strong>praestsns,</strong></span> <span class='ocrx_word' id='word_1_181' title='bbox 635 2068 658 2108; x_wconf 91' lang='lat' dir='ltr'><strong>et</strong></span> <span class='ocrx_word' id='word_1_182' title='bbox 671 2062 750 2124; x_wconf 76' lang='lat' dir='ltr'><strong>impe-</strong></span> 
     </span>
     <span class='ocr_line' id='line_1_29' title="bbox 78 2126 750 2192; baseline -0.006 -14"><span class='ocrx_word' id='word_1_183' title='bbox 78 2131 162 2178; x_wconf 80' lang='lat' dir='ltr'><strong>titione</strong></span> <span class='ocrx_word' id='word_1_184' title='bbox 179 2129 325 2192; x_wconf 72' lang='lat' dir='ltr'><strong>magistratus</strong></span> <span class='ocrx_word' id='word_1_185' title='bbox 344 2129 426 2182; x_wconf 82' lang='lat' dir='ltr'><strong>victus,</strong></span> <span class='ocrx_word' id='word_1_186' title='bbox 451 2134 467 2157; x_wconf 89' lang='lat'>“</span> <span class='ocrx_word' id='word_1_187' title='bbox 482 2126 587 2174; x_wconf 84' lang='lat' dir='ltr'><strong>maximae</strong></span> <span class='ocrx_word' id='word_1_188' title='bbox 606 2126 647 2173; x_wconf 87' lang='lat' dir='ltr'><strong>sibi</strong></span> <span class='ocrx_word' id='word_1_189' title='bbox 665 2127 750 2175; x_wconf 80' lang='lat' dir='ltr'><strong>laetitiae</strong></span> 
     </span>
     <span class='ocr_line' id='line_1_30' title="bbox 75 2192 751 2257; baseline -0.007 -13"><span class='ocrx_word' id='word_1_190' title='bbox 75 2193 146 2244; x_wconf 84' lang='lat' dir='ltr'><strong>esse”</strong></span> <span class='ocrx_word' id='word_1_191' title='bbox 154 2195 291 2257; x_wconf 72' lang='lat' dir='ltr'><strong>predicavit,</strong></span> <span class='ocrx_word' id='word_1_192' title='bbox 304 2194 389 2255; x_wconf 84' lang='lat' dir='ltr'><strong>“quod</strong></span> <span class='ocrx_word' id='word_1_193' title='bbox 395 2193 482 2254; x_wconf 84' lang='lat' dir='ltr'><strong>aliquos</strong></span> <span class='ocrx_word' id='word_1_194' title='bbox 489 2192 560 2254; x_wconf 84' lang='lat' dir='ltr'><strong>petria</strong></span> <span class='ocrx_word' id='word_1_195' title='bbox 568 2205 608 2238; x_wconf 84' lang='lat' dir='ltr'><strong>sue</strong></span> <span class='ocrx_word' id='word_1_196' title='bbox 616 2207 640 2238; x_wconf 89' lang='lat' dir='ltr'><strong>se</strong></span> <span class='ocrx_word' id='word_1_197' title='bbox 648 2193 751 2239; x_wconf 86' lang='lat' dir='ltr'><strong>meliores</strong></span> 
     </span>
     <span class='ocr_line' id='line_1_31' title="bbox 76 2257 819 2320; baseline -0.005 -12"><span class='ocrx_word' id='word_1_198' title='bbox 76 2261 141 2308; x_wconf 79' lang='lat' dir='ltr'><strong>viros</strong></span> <span class='ocrx_word' id='word_1_199' title='bbox 158 2258 272 2309; x_wconf 78' lang='lat' dir='ltr'><strong>heberet.”</strong></span> <span class='ocrx_word' id='word_1_200' title='bbox 298 2259 352 2314; x_wconf 77' lang='lat' dir='ltr'><strong>Quo</strong></span> <span class='ocrx_word' id='word_1_201' title='bbox 369 2273 473 2307; x_wconf 87' lang='lat' dir='ltr'><strong>sermone</strong></span> <span class='ocrx_word' id='word_1_202' title='bbox 489 2257 600 2320; x_wconf 79' lang='lat' dir='ltr'><strong>repulsum</strong></span> <span class='ocrx_word' id='word_1_203' title='bbox 614 2257 694 2304; x_wconf 85' lang='lat' dir='ltr'><strong>honori</strong></span> <span class='ocrx_word' id='word_1_204' title='bbox 711 2258 750 2304; x_wconf 87' lang='lat' dir='ltr'><strong>sd-</strong></span> <span class='ocrx_word' id='word_1_205' title='bbox 816 2288 819 2292; x_wconf 93' lang='lat'><em>-</em></span> 
     </span>
     <span class='ocr_line' id='line_1_32' title="bbox 78 2325 745 2388; baseline -0.001 -15"><span class='ocrx_word' id='word_1_206' title='bbox 78 2325 185 2388; x_wconf 70' lang='lat' dir='ltr'><strong>aquarii.</strong></span> <span class='ocrx_word' id='word_1_207' title='bbox 742 2339 745 2344; x_wconf 91' lang='lat'>·</span> 
     </span>
    </p>
   </div>
   <div class='ocr_carea' id='block_1_3' title="bbox 0 0 937 2982">
    <p class='ocr_par' dir='ltr' id='par_1_6' title="bbox 0 0 937 2982">
     <span class='ocr_line' id='line_1_33' title="bbox 0 0 937 2982; baseline 0 0"><span class='ocrx_word' id='word_1_208' title='bbox 0 0 937 2982; x_wconf 95' lang='lat' dir='ltr'><strong> </strong></span> 
     </span>
    </p>
   </div>
  </div>
 </body>
</html>
