1842 2992
153 191 184 234 10
258 186 337 240 vni.
351 185 595 241 MAXIMUM·
615 181 676 238 C'ur·
691 191 713 237 1.

155 315 262 394 optimam
272 317 380 373 babebat,
399 316 475 366 ioculo
497 317 646 380 imposuisset,
670 317 743 367 subito
763 315 829 380 ignis

156 383 255 430 micuit.

186 444 235 510 (8.)
248 445 304 494 Non
314 446 396 494 mirum
406 446 482 507 igitur,
495 447 521 502 si,
531 463 573 510 pro
580 463 609 496 eo
616 447 709 510 imperio
717 443 824 509 argoido

152 508 612 577 custodiendoque,pertinax[eorum]ind
680 511 824 559 tisDeorrun

155 590 243 636 semper
253 577 374 634 excubuit3
385 575 452 636 quod,
464 583 510 623 tarn
522 577 626 638 scrupulo
659 575 719 631 curi,
731 575 826 638 parvulis

154 655 244 700 quoque
258 648 373 688 momenta
387 640 501 702 religionis
515 641 643 688 aminare
653 641 755 698 videtum
772 639 827 701 quia

155 717 269 765 nunquam
278 711 377 752 rerrmtos
387 705 415 752 ab
426 706 568 752 exactissimo
576 705 638 752 cultu
646 705 827 752 caerimoniarum

156 769 234 816 oculos
250 770 354 816 habuisse
371 776 448 817 nostra
464 768 543 816 civitas
559 769 707 818 existimanda
722 777 765 818 est·
795 767 826 816 in

156 830 201 894 quir
222 849 275 883 cum
296 834 427 888 Marcellus,
448 835 551 895 quintum
573 835 713 882 consulatum
734 847 825 896 gerens,

156 898 267 960 templum
277 897 374 952 ,Honori
388 905 412 946 et
426 897 521 952 Virtuti,
539 896 648 947 Clastidio
662 899 730 961 prius,
746 897 827 946 deinde

157 963 275 1025 Syracusis
291 963 384 1026 potitus,
404 963 538 1025 nuncupatio
554 963 652 1010 debitum
669 965 729 1011 votis
747 977 828 1010 coom-

157 1043 220 1076 crarc
234 1028 310 1083 vellet,
327 1045 341 1076 a
355 1028 451 1090 collegio
461 1027 592 1090 pontificum
602 1028 721 1090 impeditus
731 1035 773 1082 est,
786 1043 827 1075 ne·

156 1100 233 1158 gente,
246 1109 313 1142 unam
322 1093 400 1142 cellam
407 1093 494 1142 duobus
500 1091 554 1141 Diis
563 1100 624 1141 recte
632 1093 713 1142 dicant
725 1093 828 1140 futurum

157 1159 225 1214 enim,
238 1159 257 1206 si
268 1159 321 1220 quid
331 1158 427 1222 prodigii
437 1159 461 1206 in
472 1156 500 1206 ei
510 1158 632 1213 accidisset.
645 1173 674 1208 ne
685 1158 828 1221 dignoscere-

142 1231 201 1282 rtur,
217 1224 262 1270 utri
279 1239 327 1270 rem
344 1224 442 1271 divinam
459 1223 507 1270 fieri
525 1230 651 1285 oporteret:
671 1238 713 1271 neo
730 1222 825 1275 duobus,

156 1289 199 1336 nisi
210 1288 278 1334 certis
288 1287 350 1340 Diis,
367 1284 413 1334 uni
424 1287 540 1335 sacrificari
551 1288 630 1336 solere.
649 1285 687 1335 Et
696 1286 828 1349 pontificum

156 1352 309 1400 admonitione
316 1349 421 1399 effectum
429 1357 471 1406 est,
483 1358 509 1398 ut
520 1350 644 1400 Meroeum
655 1352 761 1414 separatis
772 1350 827 1398 edi-

155 1418 198 1465 bus
209 1415 313 1470 Honorio
323 1431 349 1464 ac
360 1414 459 1462 Virtutis
470 1415 589 1464 simulacra
599 1423 714 1464 statueret.
744 1415 827 1478 Neque

158 1487 198 1528 aut
208 1480 305 1543 collegio
313 1479 445 1542 pontificum
455 1480 576 1528 auctoritas
586 1481 716 1543 amplissimi
726 1480 776 1535 riri,
787 1487 829 1528 aut

158 1545 270 1594 Marcello
288 1543 382 1606 adjectio
401 1545 517 1606 impensae,
537 1541 696 1606 impedimento
714 1545 764 1598 fuit,
781 1560 827 1606 quo

158 1611 234 1658 minus
244 1608 388 1672 religionibus
399 1623 453 1658 suus
463 1615 536 1664 tenor,
549 1623 633 1669 suaque
640 1609 765 1658 observatio
776 1610 829 1658 red-

160 1675 257 1722 deretur.

188 1736 238 1804 (9.)
256 1737 364 1786 Obruitur
375 1744 410 1786 tot
420 1739 487 1788 ctiam
497 1739 621 1788 illustribus
632 1739 784 1788 consistermus
792 1739 825 1789 L.
908 1727 909 1757 ³

158 1803 242 1852 Furius
252 1803 381 1858 Bibaculus,
398 1805 538 1866 exemplique
551 1803 626 1852 locum
641 1805 680 1852 vix
694 1812 746 1866 post
760 1805 827 1852 Mar-

158 1869 240 1917 cellum
249 1868 342 1915 invenit.
362 1869 408 1916 Sed
417 1870 449 1932 pii
459 1869 526 1916 simul
535 1883 562 1916 ac
573 1869 671 1931 religiosi
683 1870 751 1918 mimi
762 1870 829 1918 laude

145 1933 293 1982 trauurndus
303 1949 350 1980 uon
361 1941 396 1982 est
402 1951 410 1992 ;
427 1935 474 1994 qui,
491 1940 582 1996 praetor,
594 1941 678 1994 epatre
686 1949 727 1982 suo
738 1935 828 1998 collegii

160 1999 270 2048 sitorum
282 1999 391 2061 magistro
402 2001 487 2060 jussus,
503 2012 542 2044 sex
556 1997 671 2046 lictoribus
681 1999 830 2061 praecedenti-
907 1991 908 2039 ι

159 2065 209 2120 bus,
226 2079 289 2112 armo
306 2064 387 2110 ancilia
402 2063 468 2119 tulit3
485 2062 587 2122 quamvis
605 2063 744 2110 vacationem
762 2065 831 2126 hujus

160 2129 235 2182 officii,
255 2129 348 2176 honoris
358 2126 480 2180 beneficio,
500 2127 598 2174 moeret.
628 2127 713 2174 Omnia
731 2143 830 2190 numque
906 2127 907 2138 ¹

158 2201 211 2256 post
221 2193 351 2256 religionem
363 2191 467 2254 ponenda
474 2205 562 2252 semper
569 2198 647 2238 nostra
656 2193 736 2240 civitas
746 2193 828 2254 duxitt

160 2259 228 2304 etism
247 2257 270 2304 in
290 2258 369 2316 quibus
388 2271 482 2304 rummae
501 2257 623 2318 maJestatis
641 2257 739 2318 conspici
759 2258 829 2306 decus

158 2321 237 2369 voluit.
266 2320 409 2382 Quapropter
423 2335 469 2367 non
480 2319 636 2368 dubitaverunt
651 2321 718 2368 moris
733 2321 828 2384 imperia
898 2347 901 2354 ·

158 2385 255 2433 servire:
274 2384 306 2431 ita
320 2400 345 2430 se
358 2385 505 2432 humanarum
521 2399 594 2432 rerum
610 2382 708 2450 [futuru]
724 2387 827 2448 regimen

159 2449 316 2502 existimanda,
326 2449 345 2494 si
356 2449 437 2497 dirinae
444 2450 552 2512 potentiae
559 2450 616 2498 bene
623 2457 690 2512 atque
697 2458 828 2500 constanter

158 2514 254 2562 inissent
263 2511 378 2561 famulata.

190 2576 254 2642 (10.)
272 2577 341 2633 Quod
351 2577 419 2626 animi
428 2578 539 2641 judicium
550 2578 573 2626 in
587 2579 724 2640 privatorum
735 2593 828 2640 quoque

156 2643 283 2710 pcctcnbus
297 2650 410 2694 versutum
424 2650 466 2694 est.
490 2643 554 2692 Urbe
564 2644 649 2693 enims
663 2643 736 2694 Gallis
749 2641 826 2706 capu.
