1828 2982
168 159 637 214 ·vsnusx1sn1'no·v.‘0u.s
698 167 745 214 les

351 291 464 366 Euterrto.

106 421 158 488 (1.)
176 422 216 478 At,
232 439 262 471 ne
275 433 353 472 nostra
366 425 475 474 confessis
488 426 620 488 alienigenae
634 425 699 472 urbes
710 425 745 472 in-

72 492 167 543 sultsnt,
178 488 375 552 Carthaginienses
385 490 541 545 Hannibalem,
551 492 596 552 qui,
606 505 647 552 pro
655 491 744 536 illorum

71 553 229 602 incolumitate
239 562 262 600 et
272 553 371 608 victoriis,
385 563 420 602 tot
429 555 573 616 imperatores
588 563 666 616 totque
680 570 745 602 exer-

71 621 133 666 citus
144 627 234 664 nostros
244 619 398 674 trucidaverat,
411 627 466 680 quot
476 621 592 682 gregarios
602 621 684 666 milites
692 621 745 666 hos·

71 686 132 731 tium
144 683 162 728 si
178 683 301 737 occidisset,
317 699 407 745 magnus
421 685 500 746 gloriae
513 686 578 738 foret,
594 701 608 732 e
623 692 744 746 conspectu

73 764 117 795 suo
129 749 261 796 submovere
271 749 294 793 in
305 749 404 794 animum
415 749 556 796 induxerunt.

108 810 158 875 (2.)
171 811 291 858 Neminem
303 811 411 875 Lycurgo
422 820 461 860 sut
471 815 577 876 majorem
586 821 625 860 sut
632 813 744 860 utiliorem

72 877 149 924 visiun
157 875 307 923 Laeedaemon
315 879 405 938 genuit;
417 885 495 940 utpote
502 879 538 924 cui
546 878 629 940 Apollo
638 878 742 939 Pythius,

73 941 190 990 oraculum
207 941 299 1002 petenti,
317 943 457 1002 respondisse
473 941 551 996 fertur,
573 941 695 988 “Nescire
711 958 743 996 se,

65 1014 152 1054 -utrum
168 1005 231 1050 illum
252 1005 368 1052 hominum
381 1021 413 1052 au
429 1006 534 1052 Deorum
550 1021 644 1052 numero
660 1022 743 1068 aggre-
798 1041 801 1052 .

73 1067 167 1133 ἕποιθ’
193 1068 256 1115 Huic
272 1076 347 1116 tamen
364 1085 437 1130 neque
451 1071 505 1116 vitae
520 1085 608 1116 summu
620 1070 741 1124 sinceritas,

73 1149 149 1196 noque
156 1134 348 1180 constantissimus
355 1149 410 1196 erga
417 1135 509 1195 patriam
518 1149 588 1188 amor,
600 1148 673 1194 neque
680 1135 743 1196 leges

62 1199 201 1246 salutariter
219 1199 354 1260 excogitatae
375 1199 458 1246 auxilio
479 1213 529 1244 esse
550 1205 677 1260 potuerunt,
699 1214 743 1258 quo

61 1265 150 1312 ‹minus
160 1262 253 1308 infestos
261 1263 321 1310 cives
329 1264 474 1326 experiretur.
494 1263 560 1325 Saepe
568 1263 627 1310 enim
635 1263 743 1325 lapidibus

71 1329 164 1392 petitus,
180 1328 297 1388 aliquando
313 1327 390 1374 furore
406 1329 494 1390 publico
508 1330 598 1392 ejectus,
615 1328 681 1374 etiam
697 1327 743 1390 pri·

70 1401 140 1441 votus
150 1393 222 1446 oculo,
235 1392 263 1438 ed
274 1392 376 1439 ultimum
388 1392 436 1455 ipsi
445 1391 515 1454 patrii
525 1393 603 1456 pulsus
614 1399 655 1440 est.
679 1391 742 1447 Quid

69 1459 123 1506 alios
133 1455 215 1503 notant
230 1457 302 1511 urbes,
318 1458 355 1504 ubi
366 1458 432 1505 etium
446 1458 491 1512 illo,
507 1474 558 1520 quse
573 1458 705 1504 constantiae
718 1465 742 1504 et

68 1521 231 1569 moderationis
245 1529 269 1568 et
282 1523 399 1583 gravitatis
413 1524 516 1570 eximiam
531 1524 571 1570 sibi
587 1523 674 1569 laudem
689 1523 740 1570 vin-

68 1589 137 1640 dicat,
156 1593 202 1632 tsm
218 1587 308 1649 ingrata
324 1587 429 1636 adversus
444 1596 491 1636 tam
506 1590 563 1638 bene
578 1588 683 1635 meritum
699 1602 740 1634 ex-

67 1651 146 1700 stitit?

102 1713 153 1780 (8.)
171 1715 274 1764 Detrahe
290 1717 463 1765 Atheniensibus
479 1718 583 1766 'l'heseas
605 1718 681 1772 nullae,
699 1724 739 1764 aut

52 1797 117 1830 ¹‘non
128 1788 175 1827 tun
186 1781 259 1836 classe,
272 1782 370 1829 Athenae
380 1791 458 1830 erunt:
478 1783 586 1843 siquidem
601 1782 638 1828 ille
648 1783 739 1828 locatim

67 1848 182 1908 dispersos
192 1847 253 1894 cives
264 1862 316 1892 suos
330 1849 354 1894 in
369 1862 436 1894 unum
450 1848 527 1893 urbem
542 1846 660 1898 contraxit,
677 1861 740 1906 seps·

66 1911 180 1970 rstimque
190 1919 214 1957 et
226 1912 309 1973 agresti
324 1927 386 1958 more
400 1911 485 1958 viventi
499 1911 582 1972 populo
597 1909 740 1971 amplissimae

66 1975 166 2024 civitatis
184 1975 279 2022 sormam
301 1983 367 2038 atque
388 1973 509 2038 imaginem
531 1973 644 2036 imposuit.
675 1970 740 2018 Idem

68 2055 132 2090 saevu
142 2040 290 2102 potentissimi
298 2041 358 2102 regis
367 2039 453 2086 Minois
461 2039 559 2101 imperis,
569 2038 661 2086 vinclum
673 2044 741 2083 aetste

67 2107 213 2169 pubescente,
226 2105 312 2166 repulit.
333 2104 397 2152 Idem
405 2105 533 2152 effrenatam
542 2103 670 2149 'lhebarum
678 2102 740 2147 inso-

68 2171 164 2218 lentiam
175 2169 268 2216 domuit.
291 2167 355 2216 Idem
367 2187 432 2232 opem
442 2169 516 2216 liberis
528 2167 635 2214 Herculis
646 2165 740 2218 tulit,¹et

68 2234 180 2296 quidquid
188 2234 268 2295 ubique
275 2235 370 2282 monstri
377 2242 416 2282 aut
424 2234 512 2282 sceleris
519 2232 569 2286 suit,
581 2231 664 2278 virtute
672 2229 740 2276 animi

68 2317 97 2348 ac
108 2300 189 2346 robore
199 2299 284 2346 dextrte
295 2299 433 2346 comminuit.
460 2299 537 2362 Hujus
548 2305 630 2350 tamen,
644 2294 740 2342 submoti

68 2366 99 2412 ab
113 2364 296 2418 Atheniensibus,
313 2366 403 2426 Scyros,
418 2365 495 2411 exime
509 2363 582 2410 minor
596 2360 675 2414 insula,
689 2375 741 2406 ossa

69 2428 156 2477 mortui
166 2429 232 2490 oepit.
256 2428 309 2477 Jsm
322 2431 398 2483 Solon,
410 2429 449 2490 qui
463 2436 508 2476 tam
521 2427 639 2490 praeclsras
649 2433 740 2486 tamque

69 2493 139 2542 utiles
154 2493 329 2541 Atheniensibus
342 2495 405 2556 leges
418 2494 476 2548 tulit,
494 2501 527 2546 ut,
546 2493 564 2540 si
581 2493 616 2538 his
631 2498 740 2554 perpetuo

68 2559 105 2606 uti
110 2555 243 2612 voluissent,
253 2560 410 2620 sempiternum
419 2559 512 2606 habituri
518 2557 602 2605 luerint
609 2557 726 2619 imperium
731 2571 740 2611 ;

69 2624 110 2684 qui
122 2622 242 2676 stramina,
253 2623 315 2670 velut
329 2623 432 2670 hostilem
445 2639 517 2671 arcem
529 2639 559 2670 ex
568 2623 693 2686 propinquo
704 2635 740 2664 sa-

65 2689 113 2750 luti
131 2701 210 2736 eorum
220 2687 385 2746 imminentem,
402 2689 553 2752 recuperavit3
573 2688 611 2749 qui
628 2683 740 2740 Pisistrati
