<?xml version="1.0" encoding="UTF-8"?>
<!DOCTYPE html PUBLIC "-//W3C//DTD XHTML 1.0 Transitional//EN"
    "http://www.w3.org/TR/xhtml1/DTD/xhtml1-transitional.dtd">
<html xmlns="http://www.w3.org/1999/xhtml" xml:lang="en" lang="en">
 <head>
  <title>
</title>
<meta http-equiv="Content-Type" content="text/html;charset=utf-8" />
  <meta name='ocr-system' content='tesseract 3.04.00' />
  <meta name='ocr-capabilities' content='ocr_page ocr_carea ocr_par ocr_line ocrx_word'/>
</head>
<body>
  <div class='ocr_page' id='page_1' title='image "./valeriimaximifa00kappgoog_0352.png"; bbox 0 0 1870 2990; ppageno 0'>
   <div class='ocr_carea' id='block_1_1' title="bbox 124 127 768 236">
    <p class='ocr_par' dir='ltr' id='par_1_1' title="bbox 124 127 768 236">
     <span class='ocr_line' id='line_1_1' title="bbox 124 127 768 236; baseline 0.037 -39"><span class='ocrx_word' id='word_1_1' title='bbox 124 127 127 134; x_wconf 88' lang='lat'>&#39;</span> <span class='ocrx_word' id='word_1_2' title='bbox 199 152 278 214; x_wconf 72' lang='lat' dir='ltr'><strong>uss.</strong></span> <span class='ocrx_word' id='word_1_3' title='bbox 292 151 429 204; x_wconf 81' lang='lat' dir='ltr'><strong>nsxnn</strong></span> <span class='ocrx_word' id='word_1_4' title='bbox 446 152 563 236; x_wconf 66' lang='lat' dir='ltr'><strong>trun&lt;-v</strong></span> <span class='ocrx_word' id='word_1_5' title='bbox 577 151 637 216; x_wconf 63' lang='lat' dir='ltr'><strong>co-</strong></span> <span class='ocrx_word' id='word_1_6' title='bbox 650 160 671 216; x_wconf 84' lang='lat'><strong>1.·</strong></span> <span class='ocrx_word' id='word_1_7' title='bbox 721 160 768 218; x_wconf 63' lang='lat'><strong>³4¹</strong></span> 
     </span>
    </p>
   </div>
   <div class='ocr_carea' id='block_1_2' title="bbox 3 281 770 346">
    <p class='ocr_par' dir='ltr' id='par_1_2' title="bbox 3 281 770 346">
     <span class='ocr_line' id='line_1_2' title="bbox 3 281 770 346; baseline -0.01 -6"><span class='ocrx_word' id='word_1_8' title='bbox 3 291 4 308; x_wconf 68' lang='lat'><em>²</em></span> <span class='ocrx_word' id='word_1_9' title='bbox 101 283 208 338; x_wconf 67' lang='lat' dir='ltr'><strong>muciam</strong></span> <span class='ocrx_word' id='word_1_10' title='bbox 225 281 294 336; x_wconf 77' lang='lat' dir='ltr'><strong>dedit</strong></span> <span class='ocrx_word' id='word_1_11' title='bbox 325 281 380 342; x_wconf 70' lang='lat' dir='ltr'><strong>mro</strong></span> <span class='ocrx_word' id='word_1_12' title='bbox 398 289 499 346; x_wconf 81' lang='lat' dir='ltr'><strong>tempore</strong></span> <span class='ocrx_word' id='word_1_13' title='bbox 518 290 627 332; x_wconf 77' lang='lat' dir='ltr'><strong>matronas</strong></span> <span class='ocrx_word' id='word_1_14' title='bbox 645 283 770 334; x_wconf 81' lang='lat' dir='ltr'><strong>Brutorum</strong></span> 
     </span>
    </p>
   </div>
   <div class='ocr_carea' id='block_1_3' title="bbox 100 347 771 606">
    <p class='ocr_par' dir='ltr' id='par_1_3' title="bbox 100 347 771 606">
     <span class='ocr_line' id='line_1_3' title="bbox 102 347 771 412; baseline -0.001 -16"><span class='ocrx_word' id='word_1_15' title='bbox 102 351 197 402; x_wconf 84' lang='lat' dir='ltr'><strong>domum</strong></span> <span class='ocrx_word' id='word_1_16' title='bbox 207 362 269 394; x_wconf 78' lang='lat' dir='ltr'><strong>susae</strong></span> <span class='ocrx_word' id='word_1_17' title='bbox 280 353 333 396; x_wconf 78' lang='lat' dir='ltr'><strong>sunt</strong></span> <span class='ocrx_word' id='word_1_18' title='bbox 340 347 446 406; x_wconf 84' lang='lat' dir='ltr'><strong>obsidere,</strong></span> <span class='ocrx_word' id='word_1_19' title='bbox 459 349 497 410; x_wconf 88' lang='lat' dir='ltr'><strong>qul</strong></span> <span class='ocrx_word' id='word_1_20' title='bbox 507 349 560 398; x_wconf 83' lang='lat' dir='ltr'><strong>sbro</strong></span> <span class='ocrx_word' id='word_1_21' title='bbox 577 348 645 396; x_wconf 85' lang='lat' dir='ltr'><strong>stioni</strong></span> <span class='ocrx_word' id='word_1_22' title='bbox 653 349 713 410; x_wconf 80' lang='lat' dir='ltr'><strong>legis</strong></span> <span class='ocrx_word' id='word_1_23' title='bbox 722 349 771 412; x_wconf 81' lang='lat' dir='ltr'><strong>op-</strong></span> 
     </span>
     <span class='ocr_line' id='line_1_4' title="bbox 101 365 771 478; baseline -0.003 -16"><span class='ocrx_word' id='word_1_24' title='bbox 101 415 148 478; x_wconf 73' lang='lat' dir='ltr'><strong>piae</strong></span> <span class='ocrx_word' id='word_1_25' title='bbox 158 412 295 462; x_wconf 83' lang='lat' dir='ltr'><strong>intercedere</strong></span> <span class='ocrx_word' id='word_1_26' title='bbox 309 413 379 474; x_wconf 83' lang='lat' dir='ltr'><strong>prusti</strong></span> <span class='ocrx_word' id='word_1_27' title='bbox 393 420 464 468; x_wconf 71' lang='lat' dir='ltr'><strong>mont,</strong></span> <span class='ocrx_word' id='word_1_28' title='bbox 480 429 548 474; x_wconf 79' lang='lat' dir='ltr'><strong>quom</strong></span> <span class='ocrx_word' id='word_1_29' title='bbox 560 365 652 461; x_wconf 68' lang='lat' dir='ltr'><strong>irminae</strong></span> <span class='ocrx_word' id='word_1_30' title='bbox 668 413 716 460; x_wconf 87' lang='lat' dir='ltr'><strong>tolli</strong></span> <span class='ocrx_word' id='word_1_31' title='bbox 730 429 771 460; x_wconf 88' lang='lat' dir='ltr'><strong>cu-</strong></span> 
     </span>
     <span class='ocr_line' id='line_1_5' title="bbox 100 476 769 542; baseline 0.006 -20"><span class='ocrx_word' id='word_1_32' title='bbox 100 480 208 542; x_wconf 56' lang='lat' dir='ltr'><strong>piemon</strong></span> <span class='ocrx_word' id='word_1_33' title='bbox 225 476 276 536; x_wconf 79' lang='lat' dir='ltr'><strong>quis</strong></span> <span class='ocrx_word' id='word_1_34' title='bbox 286 477 320 524; x_wconf 82' lang='lat' dir='ltr'><strong>his</strong></span> <span class='ocrx_word' id='word_1_35' title='bbox 331 491 373 522; x_wconf 89' lang='lat' dir='ltr'><strong>nec</strong></span> <span class='ocrx_word' id='word_1_36' title='bbox 383 483 446 526; x_wconf 83' lang='lat' dir='ltr'><strong>vesto</strong></span> <span class='ocrx_word' id='word_1_37' title='bbox 457 479 512 527; x_wconf 82' lang='lat' dir='ltr'><strong>varii</strong></span> <span class='ocrx_word' id='word_1_38' title='bbox 524 478 606 524; x_wconf 85' lang='lat' dir='ltr'><strong>coloris</strong></span> <span class='ocrx_word' id='word_1_39' title='bbox 616 479 656 530; x_wconf 86' lang='lat' dir='ltr'><strong>uti,</strong></span> <span class='ocrx_word' id='word_1_40' title='bbox 668 493 710 526; x_wconf 87' lang='lat' dir='ltr'><strong>nec</strong></span> <span class='ocrx_word' id='word_1_41' title='bbox 721 479 769 526; x_wconf 83' lang='lat' dir='ltr'><strong>suri</strong></span> 
     </span>
     <span class='ocr_line' id='line_1_6' title="bbox 101 537 770 606; baseline 0.001 -17"><span class='ocrx_word' id='word_1_42' title='bbox 101 543 154 606; x_wconf 86' lang='lat' dir='ltr'><strong>plus</strong></span> <span class='ocrx_word' id='word_1_43' title='bbox 169 537 291 588; x_wconf 64' lang='lat' dir='ltr'><strong>semiunciis</strong></span> <span class='ocrx_word' id='word_1_44' title='bbox 307 541 394 595; x_wconf 82' lang='lat' dir='ltr'><strong>habere,</strong></span> <span class='ocrx_word' id='word_1_45' title='bbox 412 557 453 590; x_wconf 85' lang='lat' dir='ltr'><strong>noc</strong></span> <span class='ocrx_word' id='word_1_46' title='bbox 466 543 547 604; x_wconf 81' lang='lat' dir='ltr'><strong>juncto</strong></span> <span class='ocrx_word' id='word_1_47' title='bbox 564 543 666 590; x_wconf 83' lang='lat' dir='ltr'><strong>vehiculo</strong></span> <span class='ocrx_word' id='word_1_48' title='bbox 679 544 770 606; x_wconf 87' lang='lat' dir='ltr'><strong>propius</strong></span> 
     </span>
    </p>
   </div>
   <div class='ocr_carea' id='block_1_4' title="bbox 102 605 841 670">
    <p class='ocr_par' dir='ltr' id='par_1_4' title="bbox 102 605 841 670">
     <span class='ocr_line' id='line_1_7' title="bbox 102 605 841 670; baseline 0.001 -17"><span class='ocrx_word' id='word_1_49' title='bbox 102 607 192 666; x_wconf 79' lang='lat' dir='ltr'><strong>Urbem</strong></span> <span class='ocrx_word' id='word_1_50' title='bbox 207 605 268 658; x_wconf 78' lang='lat' dir='ltr'><strong>mille</strong></span> <span class='ocrx_word' id='word_1_51' title='bbox 281 620 367 668; x_wconf 83' lang='lat' dir='ltr'><strong>possus,</strong></span> <span class='ocrx_word' id='word_1_52' title='bbox 383 605 426 656; x_wconf 85' lang='lat' dir='ltr'><strong>uisi</strong></span> <span class='ocrx_word' id='word_1_53' title='bbox 440 606 541 656; x_wconf 80' lang='lat' dir='ltr'><strong>sacrificii</strong></span> <span class='ocrx_word' id='word_1_54' title='bbox 555 605 635 669; x_wconf 72' lang='lat' dir='ltr'><strong>grotti,</strong></span> <span class='ocrx_word' id='word_1_55' title='bbox 652 607 704 656; x_wconf 84' lang='lat' dir='ltr'><strong>vehi</strong></span> <span class='ocrx_word' id='word_1_56' title='bbox 718 624 769 670; x_wconf 77' lang='lat' dir='ltr'><strong>per·</strong></span> <span class='ocrx_word' id='word_1_57' title='bbox 839 633 841 639; x_wconf 70' lang='lat'><em>,</em></span> 
     </span>
    </p>
   </div>
   <div class='ocr_carea' id='block_1_5' title="bbox 99 668 771 864">
    <p class='ocr_par' dir='ltr' id='par_1_5' title="bbox 99 668 771 864">
     <span class='ocr_line' id='line_1_8' title="bbox 100 668 768 734; baseline 0 -16"><span class='ocrx_word' id='word_1_58' title='bbox 100 672 212 726; x_wconf 65' lang='lat' dir='ltr'><strong>mittebat.</strong></span> <span class='ocrx_word' id='word_1_59' title='bbox 238 668 272 716; x_wconf 84' lang='lat' dir='ltr'><strong>Et</strong></span> <span class='ocrx_word' id='word_1_60' title='bbox 289 670 378 731; x_wconf 87' lang='lat' dir='ltr'><strong>quidem</strong></span> <span class='ocrx_word' id='word_1_61' title='bbox 393 670 543 733; x_wconf 76' lang='lat' dir='ltr'><strong>obtinuerunt,</strong></span> <span class='ocrx_word' id='word_1_62' title='bbox 559 679 585 718; x_wconf 90' lang='lat' dir='ltr'><strong>ut</strong></span> <span class='ocrx_word' id='word_1_63' title='bbox 595 672 641 734; x_wconf 80' lang='lat' dir='ltr'><strong>jus,</strong></span> <span class='ocrx_word' id='word_1_64' title='bbox 657 688 696 734; x_wconf 88' lang='lat' dir='ltr'><strong>per</strong></span> <span class='ocrx_word' id='word_1_65' title='bbox 713 688 768 719; x_wconf 87' lang='lat' dir='ltr'><strong>con-</strong></span> 
     </span>
     <span class='ocr_line' id='line_1_9' title="bbox 99 731 771 796; baseline 0.003 -14"><span class='ocrx_word' id='word_1_66' title='bbox 99 737 178 788; x_wconf 85' lang='lat' dir='ltr'><strong>tinuos</strong></span> <span class='ocrx_word' id='word_1_67' title='bbox 188 733 269 796; x_wconf 82' lang='lat' dir='ltr'><strong>viginti</strong></span> <span class='ocrx_word' id='word_1_68' title='bbox 279 749 351 782; x_wconf 83' lang='lat' dir='ltr'><strong>nonos</strong></span> <span class='ocrx_word' id='word_1_69' title='bbox 361 741 480 788; x_wconf 82' lang='lat' dir='ltr'><strong>servatum,</strong></span> <span class='ocrx_word' id='word_1_70' title='bbox 490 735 622 786; x_wconf 78' lang='lat' dir='ltr'>aboleretur.</span> <span class='ocrx_word' id='word_1_71' title='bbox 641 735 698 784; x_wconf 88' lang='lat' dir='ltr'><strong>Non</strong></span> <span class='ocrx_word' id='word_1_72' title='bbox 705 731 771 784; x_wconf 78' lang='lat' dir='ltr'><strong>colui</strong></span> 
     </span>
     <span class='ocr_line' id='line_1_10' title="bbox 99 797 769 864; baseline 0.003 -18"><span class='ocrx_word' id='word_1_73' title='bbox 99 800 248 864; x_wconf 76' lang='lat' dir='ltr'><strong>providerunt</strong></span> <span class='ocrx_word' id='word_1_74' title='bbox 256 799 332 846; x_wconf 75' lang='lat' dir='ltr'><strong>saeculi</strong></span> <span class='ocrx_word' id='word_1_75' title='bbox 338 797 397 850; x_wconf 85' lang='lat' dir='ltr'><strong>illius</strong></span> <span class='ocrx_word' id='word_1_76' title='bbox 404 799 454 852; x_wconf 76' lang='lat' dir='ltr'><strong>uiri,</strong></span> <span class='ocrx_word' id='word_1_77' title='bbox 464 799 492 848; x_wconf 82' lang='lat' dir='ltr'><strong>sd</strong></span> <span class='ocrx_word' id='word_1_78' title='bbox 499 815 565 860; x_wconf 88' lang='lat' dir='ltr'><strong>quesn</strong></span> <span class='ocrx_word' id='word_1_79' title='bbox 576 800 660 848; x_wconf 86' lang='lat' dir='ltr'><strong>cultum</strong></span> <span class='ocrx_word' id='word_1_80' title='bbox 668 801 769 850; x_wconf 79' lang='lat' dir='ltr'><strong>tenderet</strong></span> 
     </span>
    </p>
   </div>
   <div class='ocr_carea' id='block_1_6' title="bbox 99 863 873 928">
    <p class='ocr_par' dir='ltr' id='par_1_6' title="bbox 99 863 873 928">
     <span class='ocr_line' id='line_1_11' title="bbox 99 863 873 928; baseline 0.003 -16"><span class='ocrx_word' id='word_1_81' title='bbox 99 864 186 916; x_wconf 77' lang='lat' dir='ltr'><strong>insoliti</strong></span> <span class='ocrx_word' id='word_1_82' title='bbox 201 863 275 910; x_wconf 84' lang='lat' dir='ltr'><strong>ooetds</strong></span> <span class='ocrx_word' id='word_1_83' title='bbox 290 863 393 924; x_wconf 78' lang='lat' dir='ltr'><strong>pertinax</strong></span> <span class='ocrx_word' id='word_1_84' title='bbox 409 863 522 921; x_wconf 66' lang='lat' dir='ltr'><strong>studium</strong></span> <span class='ocrx_word' id='word_1_85' title='bbox 539 871 578 913; x_wconf 85' lang='lat' dir='ltr'><strong>sut</strong></span> <span class='ocrx_word' id='word_1_86' title='bbox 594 880 639 924; x_wconf 92' lang='lat' dir='ltr'><strong>quo</strong></span> <span class='ocrx_word' id='word_1_87' title='bbox 656 879 681 912; x_wconf 87' lang='lat' dir='ltr'><strong>se</strong></span> <span class='ocrx_word' id='word_1_88' title='bbox 698 881 772 928; x_wconf 87' lang='lat' dir='ltr'><strong>usque</strong></span> <span class='ocrx_word' id='word_1_89' title='bbox 870 870 873 876; x_wconf 87' lang='lat'>&#39;</span> 
     </span>
    </p>
   </div>
   <div class='ocr_carea' id='block_1_7' title="bbox 98 927 789 1505">
    <p class='ocr_par' dir='ltr' id='par_1_7' title="bbox 100 927 771 1172">
     <span class='ocr_line' id='line_1_12' title="bbox 100 927 769 989; baseline 0 -11"><span class='ocrx_word' id='word_1_90' title='bbox 100 928 201 978; x_wconf 73' lang='lat' dir='ltr'><strong>effusura</strong></span> <span class='ocrx_word' id='word_1_91' title='bbox 213 933 274 974; x_wconf 83' lang='lat' dir='ltr'><strong>osset</strong></span> <span class='ocrx_word' id='word_1_92' title='bbox 286 927 362 989; x_wconf 73' lang='lat' dir='ltr'><strong>legum</strong></span> <span class='ocrx_word' id='word_1_93' title='bbox 373 927 455 974; x_wconf 83' lang='lat' dir='ltr'><strong>victrix</strong></span> <span class='ocrx_word' id='word_1_94' title='bbox 465 928 563 978; x_wconf 76' lang='lat' dir='ltr'><strong>sudreie.</strong></span> <span class='ocrx_word' id='word_1_95' title='bbox 591 927 659 982; x_wconf 86' lang='lat' dir='ltr'><strong>Quod</strong></span> <span class='ocrx_word' id='word_1_96' title='bbox 670 930 689 976; x_wconf 86' lang='lat' dir='ltr'><strong>si</strong></span> <span class='ocrx_word' id='word_1_97' title='bbox 700 931 769 978; x_wconf 82' lang='lat' dir='ltr'><strong>animi</strong></span> 
     </span>
     <span class='ocr_line' id='line_1_13' title="bbox 101 992 771 1054; baseline 0.003 -14"><span class='ocrx_word' id='word_1_98' title='bbox 101 993 219 1045; x_wconf 84' lang='lat' dir='ltr'><strong>muliebris</strong></span> <span class='ocrx_word' id='word_1_99' title='bbox 229 1000 346 1054; x_wconf 80' lang='lat' dir='ltr'><strong>apparatus</strong></span> <span class='ocrx_word' id='word_1_100' title='bbox 357 992 437 1041; x_wconf 86' lang='lat' dir='ltr'><strong>intueri</strong></span> <span class='ocrx_word' id='word_1_101' title='bbox 448 992 579 1054; x_wconf 86' lang='lat' dir='ltr'><strong>potuissent,</strong></span> <span class='ocrx_word' id='word_1_102' title='bbox 587 993 666 1052; x_wconf 87' lang='lat' dir='ltr'><strong>quibus</strong></span> <span class='ocrx_word' id='word_1_103' title='bbox 673 995 771 1054; x_wconf 75' lang='lat' dir='ltr'><strong>quotidie</strong></span> 
     </span>
     <span class='ocr_line' id='line_1_14' title="bbox 100 1057 769 1121; baseline -0.003 -18"><span class='ocrx_word' id='word_1_104' title='bbox 100 1057 185 1118; x_wconf 63' lang='lat' dir='ltr'><strong>aliquid</strong></span> <span class='ocrx_word' id='word_1_105' title='bbox 198 1057 305 1106; x_wconf 73' lang='lat' dir='ltr'><strong>novitatis</strong></span> <span class='ocrx_word' id='word_1_106' title='bbox 319 1057 455 1104; x_wconf 87' lang='lat' dir='ltr'><strong>sumtuosius</strong></span> <span class='ocrx_word' id='word_1_107' title='bbox 465 1058 575 1120; x_wconf 75' lang='lat' dir='ltr'><strong>adjectum</strong></span> <span class='ocrx_word' id='word_1_108' title='bbox 586 1063 628 1111; x_wconf 80' lang='lat' dir='ltr'><strong>est,</strong></span> <span class='ocrx_word' id='word_1_109' title='bbox 640 1057 664 1102; x_wconf 90' lang='lat' dir='ltr'><strong>in</strong></span> <span class='ocrx_word' id='word_1_110' title='bbox 674 1058 723 1121; x_wconf 86' lang='lat' dir='ltr'><strong>ipso</strong></span> <span class='ocrx_word' id='word_1_111' title='bbox 733 1059 769 1106; x_wconf 82' lang='lat' dir='ltr'><strong>in.</strong></span> 
     </span>
     <span class='ocr_line' id='line_1_15' title="bbox 100 1121 704 1172; baseline -0.007 0"><span class='ocrx_word' id='word_1_112' title='bbox 100 1123 172 1172; x_wconf 87' lang='lat' dir='ltr'><strong>troitu</strong></span> <span class='ocrx_word' id='word_1_113' title='bbox 183 1121 256 1168; x_wconf 81' lang='lat' dir='ltr'><strong>ruenti</strong></span> <span class='ocrx_word' id='word_1_114' title='bbox 266 1121 361 1168; x_wconf 69' lang='lat' dir='ltr'><strong>luxurie</strong></span> <span class='ocrx_word' id='word_1_115' title='bbox 371 1122 516 1172; x_wconf 70' lang='lat' dir='ltr'><strong>obstitissent.</strong></span> <span class='ocrx_word' id='word_1_116' title='bbox 698 1132 704 1141; x_wconf 92' lang='grc'><em>“</em></span> 
     </span>
    </p>

    <p class='ocr_par' dir='ltr' id='par_1_8' title="bbox 98 1183 789 1505">
     <span class='ocr_line' id='line_1_16' title="bbox 137 1183 768 1248; baseline -0.003 -12"><span class='ocrx_word' id='word_1_117' title='bbox 137 1185 182 1236; x_wconf 79' lang='lat' dir='ltr'><strong>Sed</strong></span> <span class='ocrx_word' id='word_1_118' title='bbox 196 1185 249 1246; x_wconf 88' lang='lat' dir='ltr'><strong>quid</strong></span> <span class='ocrx_word' id='word_1_119' title='bbox 260 1201 304 1248; x_wconf 81' lang='lat' dir='ltr'><strong>ego</strong></span> <span class='ocrx_word' id='word_1_120' title='bbox 314 1185 342 1232; x_wconf 88' lang='lat' dir='ltr'><strong>de</strong></span> <span class='ocrx_word' id='word_1_121' title='bbox 352 1185 441 1235; x_wconf 78' lang='lat' dir='ltr'><strong>leminis</strong></span> <span class='ocrx_word' id='word_1_122' title='bbox 456 1186 548 1236; x_wconf 83' lang='lat' dir='ltr'><strong>ulterius</strong></span> <span class='ocrx_word' id='word_1_123' title='bbox 562 1184 656 1246; x_wconf 77' lang='lat' dir='ltr'><strong>loquar?</strong></span> <span class='ocrx_word' id='word_1_124' title='bbox 673 1183 728 1248; x_wconf 84' lang='lat' dir='ltr'><strong>quos</strong></span> <span class='ocrx_word' id='word_1_125' title='bbox 744 1193 768 1234; x_wconf 84' lang='lat' dir='ltr'><strong>et</strong></span> 
     </span>
     <span class='ocr_line' id='line_1_17' title="bbox 100 1249 789 1313; baseline -0.001 -14"><span class='ocrx_word' id='word_1_126' title='bbox 100 1249 241 1299; x_wconf 78' lang='lat' dir='ltr'><strong>imbecillitas</strong></span> <span class='ocrx_word' id='word_1_127' title='bbox 256 1251 345 1304; x_wconf 85' lang='lat' dir='ltr'><strong>mentis,</strong></span> <span class='ocrx_word' id='word_1_128' title='bbox 361 1257 385 1297; x_wconf 84' lang='lat' dir='ltr'><strong>et</strong></span> <span class='ocrx_word' id='word_1_129' title='bbox 398 1251 527 1313; x_wconf 65' lang='lat' dir='ltr'><strong>graviorum</strong></span> <span class='ocrx_word' id='word_1_130' title='bbox 539 1265 630 1312; x_wconf 84' lang='lat' dir='ltr'><strong>operum</strong></span> <span class='ocrx_word' id='word_1_131' title='bbox 642 1258 723 1312; x_wconf 79' lang='lat' dir='ltr'><strong>negata</strong></span> <span class='ocrx_word' id='word_1_132' title='bbox 734 1251 768 1298; x_wconf 83' lang='lat' dir='ltr'><strong>af-</strong></span> <span class='ocrx_word' id='word_1_133' title='bbox 786 1289 789 1293; x_wconf 95' lang='lat'><em>.</em></span> 
     </span>
     <span class='ocr_line' id='line_1_18' title="bbox 98 1314 767 1370; baseline -0.006 -4"><span class='ocrx_word' id='word_1_134' title='bbox 98 1315 283 1370; x_wconf 72' lang='lat' dir='ltr'><strong>securisumus</strong></span> <span class='ocrx_word' id='word_1_135' title='bbox 302 1315 399 1364; x_wconf 87' lang='lat' dir='ltr'><strong>studium</strong></span> <span class='ocrx_word' id='word_1_136' title='bbox 418 1315 447 1366; x_wconf 80' lang='lat' dir='ltr'><strong>od</strong></span> <span class='ocrx_word' id='word_1_137' title='bbox 465 1314 608 1364; x_wconf 81' lang='lat' dir='ltr'><strong>curiosiorem</strong></span> <span class='ocrx_word' id='word_1_138' title='bbox 628 1315 662 1362; x_wconf 89' lang='lat' dir='ltr'><strong>sui</strong></span> <span class='ocrx_word' id='word_1_139' title='bbox 681 1315 767 1364; x_wconf 82' lang='lat' dir='ltr'><strong>cultum</strong></span> 
     </span>
     <span class='ocr_line' id='line_1_19' title="bbox 98 1378 767 1440; baseline -0.004 -13"><span class='ocrx_word' id='word_1_140' title='bbox 98 1382 203 1432; x_wconf 80' lang='lat' dir='ltr'><strong>hortetur</strong></span> <span class='ocrx_word' id='word_1_141' title='bbox 211 1379 327 1436; x_wconf 52' lang='lat' dir='ltr'><strong>condemn</strong></span> <span class='ocrx_word' id='word_1_142' title='bbox 344 1395 396 1426; x_wconf 86' lang='lat' dir='ltr'><strong>curn</strong></span> <span class='ocrx_word' id='word_1_143' title='bbox 407 1385 532 1440; x_wconf 85' lang='lat' dir='ltr'><strong>temporum</strong></span> <span class='ocrx_word' id='word_1_144' title='bbox 541 1378 680 1440; x_wconf 79' lang='lat' dir='ltr'><strong>superiorum</strong></span> <span class='ocrx_word' id='word_1_145' title='bbox 691 1387 714 1426; x_wconf 91' lang='lat' dir='ltr'><strong>et</strong></span> <span class='ocrx_word' id='word_1_146' title='bbox 724 1395 767 1428; x_wconf 72' lang='lat' dir='ltr'><strong>no-</strong></span> 
     </span>
     <span class='ocr_line' id='line_1_20' title="bbox 98 1443 767 1505; baseline 0.003 -15"><span class='ocrx_word' id='word_1_147' title='bbox 98 1444 167 1496; x_wconf 85' lang='lat' dir='ltr'><strong>minis</strong></span> <span class='ocrx_word' id='word_1_148' title='bbox 177 1451 201 1494; x_wconf 86' lang='lat' dir='ltr'><strong>et</strong></span> <span class='ocrx_word' id='word_1_149' title='bbox 211 1443 278 1493; x_wconf 75' lang='lat' dir='ltr'><strong>enimi</strong></span> <span class='ocrx_word' id='word_1_150' title='bbox 289 1443 425 1494; x_wconf 62' lang='lat' dir='ltr'><strong>exeuntes</strong></span> <span class='ocrx_word' id='word_1_151' title='bbox 434 1443 495 1494; x_wconf 80' lang='lat' dir='ltr'><strong>viros</strong></span> <span class='ocrx_word' id='word_1_152' title='bbox 508 1443 532 1490; x_wconf 90' lang='lat' dir='ltr'><strong>in</strong></span> <span class='ocrx_word' id='word_1_153' title='bbox 546 1444 590 1492; x_wconf 85' lang='lat' dir='ltr'><strong>boc</strong></span> <span class='ocrx_word' id='word_1_154' title='bbox 603 1443 684 1505; x_wconf 89' lang='lat' dir='ltr'><strong>priscse</strong></span> <span class='ocrx_word' id='word_1_155' title='bbox 694 1445 767 1492; x_wconf 87' lang='lat' dir='ltr'><strong>conti·</strong></span> 
     </span>
    </p>
   </div>
   <div class='ocr_carea' id='block_1_8' title="bbox 97 1499 866 1576">
    <p class='ocr_par' dir='ltr' id='par_1_9' title="bbox 97 1499 866 1576">
     <span class='ocr_line' id='line_1_21' title="bbox 97 1499 866 1576; baseline 0.025 -23"><span class='ocrx_word' id='word_1_156' title='bbox 97 1509 183 1562; x_wconf 68' lang='lat' dir='ltr'><strong>neusse</strong></span> <span class='ocrx_word' id='word_1_157' title='bbox 192 1508 296 1570; x_wconf 79' lang='lat' dir='ltr'><strong>ignotum</strong></span> <span class='ocrx_word' id='word_1_158' title='bbox 311 1507 465 1558; x_wconf 81' lang='lat' dir='ltr'><strong>diverticulum</strong></span> <span class='ocrx_word' id='word_1_159' title='bbox 480 1508 596 1572; x_wconf 73' lang='lat' dir='ltr'><strong>prolapsos</strong></span> <span class='ocrx_word' id='word_1_160' title='bbox 611 1507 714 1568; x_wconf 64' lang='lat' dir='ltr'><strong>videam</strong></span> <span class='ocrx_word' id='word_1_161' title='bbox 731 1499 768 1572; x_wconf 68' lang='lat' dir='ltr'><strong>tri-J</strong></span> <span class='ocrx_word' id='word_1_162' title='bbox 865 1572 866 1576; x_wconf 71' lang='grc'>,</span> 
     </span>
    </p>
   </div>
   <div class='ocr_carea' id='block_1_9' title="bbox 90 1573 812 2738">
    <p class='ocr_par' dir='ltr' id='par_1_10' title="bbox 97 1573 428 1638">
     <span class='ocr_line' id='line_1_22' title="bbox 97 1573 428 1638; baseline -0.003 -17"><span class='ocrx_word' id='word_1_163' title='bbox 97 1589 142 1638; x_wconf 88' lang='lat' dir='ltr'><strong>que</strong></span> <span class='ocrx_word' id='word_1_164' title='bbox 148 1573 226 1636; x_wconf 74' lang='lat' dir='ltr'><strong>jurgio</strong></span> <span class='ocrx_word' id='word_1_165' title='bbox 236 1573 335 1634; x_wconf 86' lang='lat' dir='ltr'><strong>ipsorum</strong></span> <span class='ocrx_word' id='word_1_166' title='bbox 346 1579 428 1634; x_wconf 78' lang='lat' dir='ltr'><strong>petest·</strong></span> 
     </span>
    </p>

    <p class='ocr_par' dir='ltr' id='par_1_11' title="bbox 90 1633 812 2738">
     <span class='ocr_line' id='line_1_23' title="bbox 132 1633 766 1702; baseline 0 -19"><span class='ocrx_word' id='word_1_167' title='bbox 132 1633 183 1702; x_wconf 79' lang='lat'><strong>(4.)</strong></span> <span class='ocrx_word' id='word_1_168' title='bbox 200 1633 245 1685; x_wconf 86' lang='lat' dir='ltr'><strong>Cn.</strong></span> <span class='ocrx_word' id='word_1_169' title='bbox 259 1635 376 1687; x_wconf 86' lang='lat' dir='ltr'><strong>Domitius</strong></span> <span class='ocrx_word' id='word_1_170' title='bbox 387 1635 416 1682; x_wconf 76' lang='lat'><strong>1.</strong></span> <span class='ocrx_word' id='word_1_171' title='bbox 431 1634 514 1685; x_wconf 79' lang='lat' dir='ltr'><strong>Crasso</strong></span> <span class='ocrx_word' id='word_1_172' title='bbox 529 1638 624 1700; x_wconf 80' lang='lat' dir='ltr'><strong>collegae</strong></span> <span class='ocrx_word' id='word_1_173' title='bbox 638 1653 685 1692; x_wconf 88' lang='lat' dir='ltr'><strong>suo,</strong></span> <span class='ocrx_word' id='word_1_174' title='bbox 698 1638 766 1685; x_wconf 79' lang='lat' dir='ltr'><strong>elter-</strong></span> 
     </span>
     <span class='ocr_line' id='line_1_24' title="bbox 97 1698 764 1764; baseline -0.003 -14"><span class='ocrx_word' id='word_1_175' title='bbox 97 1703 188 1751; x_wconf 84' lang='lat' dir='ltr'><strong>ostione</strong></span> <span class='ocrx_word' id='word_1_176' title='bbox 204 1698 260 1754; x_wconf 71' lang='lat' dir='ltr'><strong>orti,</strong></span> <span class='ocrx_word' id='word_1_177' title='bbox 277 1701 364 1764; x_wconf 70' lang='lat' dir='ltr'><strong>obJecit,</strong></span> <span class='ocrx_word' id='word_1_178' title='bbox 383 1701 443 1760; x_wconf 91' lang='lat' dir='ltr'><strong>quod</strong></span> <span class='ocrx_word' id='word_1_179' title='bbox 460 1702 575 1748; x_wconf 78' lang='lat' dir='ltr'><strong>columnas</strong></span> <span class='ocrx_word' id='word_1_180' title='bbox 592 1701 724 1762; x_wconf 76' lang='lat' dir='ltr'><strong>Hymettias</strong></span> <span class='ocrx_word' id='word_1_181' title='bbox 741 1703 764 1748; x_wconf 91' lang='lat' dir='ltr'><strong>in</strong></span> 
     </span>
     <span class='ocr_line' id='line_1_25' title="bbox 97 1763 762 1832; baseline -0.002 -18"><span class='ocrx_word' id='word_1_182' title='bbox 97 1767 186 1832; x_wconf 79' lang='lat' dir='ltr'><strong>porticu</strong></span> <span class='ocrx_word' id='word_1_183' title='bbox 205 1765 285 1816; x_wconf 78' lang='lat' dir='ltr'><strong>domus</strong></span> <span class='ocrx_word' id='word_1_184' title='bbox 304 1765 401 1812; x_wconf 81' lang='lat' dir='ltr'><strong>baberet.</strong></span> <span class='ocrx_word' id='word_1_185' title='bbox 437 1763 513 1817; x_wconf 78' lang='lat' dir='ltr'><strong>Quem</strong></span> <span class='ocrx_word' id='word_1_186' title='bbox 532 1767 639 1812; x_wconf 87' lang='lat' dir='ltr'><strong>continuo</strong></span> <span class='ocrx_word' id='word_1_187' title='bbox 660 1765 762 1819; x_wconf 82' lang='lat' dir='ltr'><strong>Crassus,</strong></span> 
     </span>
     <span class='ocr_line' id='line_1_26' title="bbox 96 1828 761 1894; baseline -0.005 -15"><span class='ocrx_word' id='word_1_188' title='bbox 96 1831 176 1894; x_wconf 77' lang='lat' dir='ltr'><strong>quenti</strong></span> <span class='ocrx_word' id='word_1_189' title='bbox 197 1831 245 1892; x_wconf 88' lang='lat' dir='ltr'><strong>ipse</strong></span> <span class='ocrx_word' id='word_1_190' title='bbox 263 1831 355 1879; x_wconf 81' lang='lat' dir='ltr'><strong>domum</strong></span> <span class='ocrx_word' id='word_1_191' title='bbox 374 1842 437 1876; x_wconf 81' lang='lat' dir='ltr'><strong>suom</strong></span> <span class='ocrx_word' id='word_1_192' title='bbox 456 1828 584 1881; x_wconf 70' lang='lat' dir='ltr'><strong>estimares,</strong></span> <span class='ocrx_word' id='word_1_193' title='bbox 606 1829 761 1890; x_wconf 81' lang='lat' dir='ltr'><strong>interrogavit</strong></span> 
     </span>
     <span class='ocr_line' id='line_1_27' title="bbox 96 1890 764 1958; baseline -0.001 -14"><span class='ocrx_word' id='word_1_194' title='bbox 96 1899 176 1956; x_wconf 82' lang='lat' dir='ltr'><strong>Atque</strong></span> <span class='ocrx_word' id='word_1_195' title='bbox 183 1902 209 1942; x_wconf 89' lang='lat' dir='ltr'><strong>ut</strong></span> <span class='ocrx_word' id='word_1_196' title='bbox 216 1894 337 1958; x_wconf 67' lang='lat' dir='ltr'><strong>respondit,</strong></span> <span class='ocrx_word' id='word_1_197' title='bbox 350 1900 366 1923; x_wconf 79' lang='lat'><strong>⁴⁴</strong></span> <span class='ocrx_word' id='word_1_198' title='bbox 378 1891 481 1956; x_wconf 79' lang='lat' dir='ltr'><strong>sexsgr&#39;es</strong></span> <span class='ocrx_word' id='word_1_199' title='bbox 493 1893 595 1940; x_wconf 86' lang='lat' dir='ltr'><strong>sestertio</strong></span> <span class='ocrx_word' id='word_1_200' title='bbox 602 1890 627 1948; x_wconf 85' lang='lat'><strong>;”</strong></span> <span class='ocrx_word' id='word_1_201' title='bbox 645 1899 661 1921; x_wconf 80' lang='lat'><strong>⁴⁶</strong></span> <span class='ocrx_word' id='word_1_202' title='bbox 672 1892 764 1946; x_wconf 78' lang='lat' dir='ltr'><strong>Quanto</strong></span> 
     </span>
     <span class='ocr_line' id='line_1_28' title="bbox 95 1955 764 2022; baseline -0.004 -15"><span class='ocrx_word' id='word_1_203' title='bbox 95 1976 153 2022; x_wconf 77' lang='lat' dir='ltr'><strong>ergo</strong></span> <span class='ocrx_word' id='word_1_204' title='bbox 163 1958 238 2013; x_wconf 77' lang='lat' dir='ltr'><strong>esm,”</strong></span> <span class='ocrx_word' id='word_1_205' title='bbox 255 1959 335 2020; x_wconf 82' lang='lat' dir='ltr'><strong>inquit,</strong></span> <span class='ocrx_word' id='word_1_206' title='bbox 354 1955 474 2004; x_wconf 88' lang='lat' dir='ltr'><strong>“minoris</strong></span> <span class='ocrx_word' id='word_1_207' title='bbox 489 1955 537 2003; x_wconf 84' lang='lat' dir='ltr'><strong>fore</strong></span> <span class='ocrx_word' id='word_1_208' title='bbox 550 1957 672 2010; x_wconf 83' lang='lat' dir='ltr'><strong>existimas,</strong></span> <span class='ocrx_word' id='word_1_209' title='bbox 690 1957 709 2006; x_wconf 85' lang='lat' dir='ltr'><strong>si</strong></span> <span class='ocrx_word' id='word_1_210' title='bbox 724 1958 764 2004; x_wconf 84' lang='lat' dir='ltr'><strong>de·</strong></span> 
     </span>
     <span class='ocr_line' id='line_1_29' title="bbox 95 2018 765 2083; baseline 0 -13"><span class='ocrx_word' id='word_1_211' title='bbox 95 2039 147 2076; x_wconf 81' lang='lat' dir='ltr'><strong>cem</strong></span> <span class='ocrx_word' id='word_1_212' title='bbox 162 2024 290 2072; x_wconf 74' lang='lat' dir='ltr'><strong>arbusculas</strong></span> <span class='ocrx_word' id='word_1_213' title='bbox 300 2023 352 2070; x_wconf 88' lang='lat' dir='ltr'><strong>inde</strong></span> <span class='ocrx_word' id='word_1_214' title='bbox 362 2018 511 2070; x_wconf 80' lang='lat' dir='ltr'><strong>succidero?”</strong></span> <span class='ocrx_word' id='word_1_215' title='bbox 530 2019 612 2083; x_wconf 81' lang='lat' dir='ltr'><strong>“Ipso</strong></span> <span class='ocrx_word' id='word_1_216' title='bbox 627 2021 701 2070; x_wconf 83' lang='lat' dir='ltr'><strong>tricies</strong></span> <span class='ocrx_word' id='word_1_217' title='bbox 717 2037 765 2070; x_wconf 81' lang='lat' dir='ltr'><strong>ses-</strong></span> 
     </span>
     <span class='ocr_line' id='line_1_30' title="bbox 94 2083 764 2149; baseline -0.006 -11"><span class='ocrx_word' id='word_1_218' title='bbox 94 2086 189 2149; x_wconf 74' lang='lat' dir='ltr'><strong>tertio,”</strong></span> <span class='ocrx_word' id='word_1_219' title='bbox 201 2089 232 2134; x_wconf 82' lang='lat' dir='ltr'><strong>sit</strong></span> <span class='ocrx_word' id='word_1_220' title='bbox 243 2087 366 2136; x_wconf 85' lang='lat' dir='ltr'><strong>Domitius.</strong></span> <span class='ocrx_word' id='word_1_221' title='bbox 391 2086 458 2134; x_wconf 88' lang='lat' dir='ltr'><strong>Tunc</strong></span> <span class='ocrx_word' id='word_1_222' title='bbox 470 2083 579 2134; x_wconf 85' lang='lat' dir='ltr'><strong>Crsssus:</strong></span> <span class='ocrx_word' id='word_1_223' title='bbox 600 2092 616 2114; x_wconf 88' lang='lat'>“</span> <span class='ocrx_word' id='word_1_224' title='bbox 625 2084 685 2132; x_wconf 88' lang='lat' dir='ltr'><strong>Uter</strong></span> <span class='ocrx_word' id='word_1_225' title='bbox 694 2086 764 2148; x_wconf 78' lang='lat' dir='ltr'><strong>igitur</strong></span> 
     </span>
     <span class='ocr_line' id='line_1_31' title="bbox 94 2150 763 2216; baseline -0.006 -14"><span class='ocrx_word' id='word_1_226' title='bbox 94 2152 231 2206; x_wconf 74' lang='lat' dir='ltr'><strong>luxuriosior</strong></span> <span class='ocrx_word' id='word_1_227' title='bbox 242 2151 293 2200; x_wconf 80' lang='lat' dir='ltr'><strong>est?</strong></span> <span class='ocrx_word' id='word_1_228' title='bbox 309 2166 390 2216; x_wconf 84' lang='lat' dir='ltr'><strong>egone,</strong></span> <span class='ocrx_word' id='word_1_229' title='bbox 407 2151 446 2214; x_wconf 91' lang='lat' dir='ltr'><strong>qui</strong></span> <span class='ocrx_word' id='word_1_230' title='bbox 457 2150 534 2198; x_wconf 84' lang='lat' dir='ltr'><strong>desem</strong></span> <span class='ocrx_word' id='word_1_231' title='bbox 546 2150 661 2198; x_wconf 76' lang='lat' dir='ltr'><strong>columnus</strong></span> <span class='ocrx_word' id='word_1_232' title='bbox 672 2158 763 2198; x_wconf 87' lang='lat' dir='ltr'><strong>centum</strong></span> 
     </span>
     <span class='ocr_line' id='line_1_32' title="bbox 95 2215 764 2280; baseline 0.003 -18"><span class='ocrx_word' id='word_1_233' title='bbox 95 2217 194 2268; x_wconf 79' lang='lat' dir='ltr'><strong>millibus</strong></span> <span class='ocrx_word' id='word_1_234' title='bbox 208 2215 325 2280; x_wconf 77' lang='lat' dir='ltr'><strong>nummum</strong></span> <span class='ocrx_word' id='word_1_235' title='bbox 340 2217 399 2274; x_wconf 82' lang='lat' dir='ltr'><strong>emi;</strong></span> <span class='ocrx_word' id='word_1_236' title='bbox 416 2231 446 2266; x_wconf 83' lang='lat' dir='ltr'><strong>sn</strong></span> <span class='ocrx_word' id='word_1_237' title='bbox 457 2223 489 2276; x_wconf 70' lang='lat' dir='ltr'><strong>tu,</strong></span> <span class='ocrx_word' id='word_1_238' title='bbox 501 2215 539 2278; x_wconf 92' lang='lat' dir='ltr'><strong>qui</strong></span> <span class='ocrx_word' id='word_1_239' title='bbox 550 2215 626 2265; x_wconf 85' lang='lat' dir='ltr'><strong>decem</strong></span> <span class='ocrx_word' id='word_1_240' title='bbox 637 2215 764 2264; x_wconf 75' lang='lat' dir='ltr'><strong>arbusculo·</strong></span> 
     </span>
     <span class='ocr_line' id='line_1_33' title="bbox 95 2277 762 2342; baseline -0.006 -12"><span class='ocrx_word' id='word_1_241' title='bbox 95 2297 147 2330; x_wconf 88' lang='lat' dir='ltr'><strong>rum</strong></span> <span class='ocrx_word' id='word_1_242' title='bbox 155 2281 262 2328; x_wconf 77' lang='lat' dir='ltr'><strong>&#39;umbram</strong></span> <span class='ocrx_word' id='word_1_243' title='bbox 273 2281 348 2329; x_wconf 82' lang='lat' dir='ltr'><strong>tricies</strong></span> <span class='ocrx_word' id='word_1_244' title='bbox 359 2279 485 2328; x_wconf 76' lang='lat' dir='ltr'><strong>sestertium</strong></span> <span class='ocrx_word' id='word_1_245' title='bbox 497 2277 585 2328; x_wconf 74' lang='lat' dir='ltr'><strong>summi</strong></span> <span class='ocrx_word' id='word_1_246' title='bbox 595 2294 726 2342; x_wconf 79' lang='lat' dir='ltr'><strong>compensas</strong></span> <span class='ocrx_word' id='word_1_247' title='bbox 734 2277 762 2326; x_wconf 84' lang='lat'><strong>?”</strong></span> 
     </span>
     <span class='ocr_line' id='line_1_34' title="bbox 96 2343 762 2406; baseline -0.009 -10"><span class='ocrx_word' id='word_1_248' title='bbox 96 2347 230 2396; x_wconf 79' lang='lat' dir='ltr'><strong>Sermonem</strong></span> <span class='ocrx_word' id='word_1_249' title='bbox 241 2345 334 2395; x_wconf 86' lang='lat' dir='ltr'><strong>oblitum</strong></span> <span class='ocrx_word' id='word_1_250' title='bbox 350 2344 439 2406; x_wconf 83' lang='lat' dir='ltr'><strong>Pyrrhi,</strong></span> <span class='ocrx_word' id='word_1_251' title='bbox 450 2346 606 2393; x_wconf 88' lang='lat' dir='ltr'><strong>immemorem</strong></span> <span class='ocrx_word' id='word_1_252' title='bbox 621 2343 762 2398; x_wconf 79' lang='lat' dir='ltr'><strong>Hunnibslis,</strong></span> 
     </span>
     <span class='ocr_line' id='line_1_35' title="bbox 90 2407 812 2476; baseline -0.003 -18"><span class='ocrx_word' id='word_1_253' title='bbox 90 2413 186 2476; x_wconf 85' lang='lat' dir='ltr'><strong>jsmque</strong></span> <span class='ocrx_word' id='word_1_254' title='bbox 200 2409 398 2458; x_wconf 73' lang='lat' dir='ltr'><strong>transmarinorum</strong></span> <span class='ocrx_word' id='word_1_255' title='bbox 413 2410 573 2474; x_wconf 81' lang='lat' dir='ltr'><strong>stipendiorum</strong></span> <span class='ocrx_word' id='word_1_256' title='bbox 584 2407 717 2456; x_wconf 74' lang='lat' dir='ltr'><strong>abundantii</strong></span> <span class='ocrx_word' id='word_1_257' title='bbox 728 2423 766 2456; x_wconf 90' lang='lat' dir='ltr'><strong>os-</strong></span> <span class='ocrx_word' id='word_1_258' title='bbox 810 2427 812 2434; x_wconf 65' lang='grc'><em>’</em></span> 
     </span>
     <span class='ocr_line' id='line_1_36' title="bbox 95 2473 763 2536; baseline -0.006 -12"><span class='ocrx_word' id='word_1_259' title='bbox 95 2477 218 2533; x_wconf 64' lang='lat' dir='ltr'><strong>citantem</strong></span> <span class='ocrx_word' id='word_1_260' title='bbox 234 2475 347 2536; x_wconf 75' lang='lat' dir='ltr'><strong>aliquanto</strong></span> <span class='ocrx_word' id='word_1_261' title='bbox 361 2481 436 2522; x_wconf 79' lang='lat' dir='ltr'><strong>tumen</strong></span> <span class='ocrx_word' id='word_1_262' title='bbox 450 2474 614 2535; x_wconf 83' lang='lat' dir='ltr'><strong>insequentium</strong></span> <span class='ocrx_word' id='word_1_263' title='bbox 630 2473 763 2522; x_wconf 84' lang='lat' dir='ltr'><strong>soeculorum</strong></span> 
     </span>
     <span class='ocr_line' id='line_1_37' title="bbox 98 2537 764 2602; baseline -0.009 -12"><span class='ocrx_word' id='word_1_264' title='bbox 98 2537 198 2590; x_wconf 81' lang='lat' dir='ltr'><strong>aedifieiis</strong></span> <span class='ocrx_word' id='word_1_265' title='bbox 216 2546 240 2590; x_wconf 90' lang='lat' dir='ltr'><strong>et</strong></span> <span class='ocrx_word' id='word_1_266' title='bbox 259 2539 386 2590; x_wconf 78' lang='lat' dir='ltr'><strong>nemoribus</strong></span> <span class='ocrx_word' id='word_1_267' title='bbox 413 2539 581 2602; x_wconf 66' lang='lat' dir='ltr'><strong>augustiorem</strong></span> <span class='ocrx_word' id='word_1_268' title='bbox 605 2537 709 2600; x_wconf 84' lang='lat' dir='ltr'><strong>quonism</strong></span> <span class='ocrx_word' id='word_1_269' title='bbox 729 2538 764 2584; x_wconf 91' lang='lat' dir='ltr'><strong>in-</strong></span> 
     </span>
     <span class='ocr_line' id='line_1_38' title="bbox 97 2602 766 2664; baseline -0.003 -12"><span class='ocrx_word' id='word_1_270' title='bbox 97 2607 201 2652; x_wconf 76' lang='lat' dir='ltr'><strong>cbootem</strong></span> <span class='ocrx_word' id='word_1_271' title='bbox 218 2618 231 2654; x_wconf 75' lang='lat' dir='ltr'><strong>s</strong></span> <span class='ocrx_word' id='word_1_272' title='bbox 245 2619 271 2658; x_wconf 86' lang='lat' dir='ltr'><strong>se</strong></span> <span class='ocrx_word' id='word_1_273' title='bbox 286 2602 395 2653; x_wconf 76' lang='lat' dir='ltr'><strong>lentitiam</strong></span> <span class='ocrx_word' id='word_1_274' title='bbox 409 2603 505 2664; x_wconf 85' lang='lat' dir='ltr'><strong>posteris</strong></span> <span class='ocrx_word' id='word_1_275' title='bbox 522 2603 652 2662; x_wconf 85' lang='lat' dir='ltr'><strong>relinquere,</strong></span> <span class='ocrx_word' id='word_1_276' title='bbox 670 2617 736 2664; x_wconf 80' lang='lat' dir='ltr'><strong>quem</strong></span> <span class='ocrx_word' id='word_1_277' title='bbox 751 2617 766 2650; x_wconf 81' lang='lat' dir='ltr'><strong>s</strong></span> 
     </span>
     <span class='ocr_line' id='line_1_39' title="bbox 95 2667 764 2738; baseline -0.006 -22"><span class='ocrx_word' id='word_1_278' title='bbox 95 2669 217 2738; x_wconf 70' lang='lat' dir='ltr'><strong>majoribus</strong></span> <span class='ocrx_word' id='word_1_279' title='bbox 224 2675 338 2734; x_wconf 79' lang='lat' dir='ltr'><strong>receptam</strong></span> <span class='ocrx_word' id='word_1_280' title='bbox 346 2667 506 2734; x_wconf 76' lang='lat' dir='ltr'><strong>continentium</strong></span> <span class='ocrx_word' id='word_1_281' title='bbox 515 2667 617 2722; x_wconf 84' lang='lat' dir='ltr'><strong>retinere.</strong></span> <span class='ocrx_word' id='word_1_282' title='bbox 629 2667 764 2736; x_wconf 73' lang='lat' dir='ltr'><strong>meluerunt.</strong></span> 
     </span>
    </p>
   </div>
   <div class='ocr_carea' id='block_1_10' title="bbox 0 0 940 2990">
    <p class='ocr_par' dir='ltr' id='par_1_12' title="bbox 0 0 940 2990">
     <span class='ocr_line' id='line_1_40' title="bbox 0 0 940 2990; baseline 0 2"><span class='ocrx_word' id='word_1_283' title='bbox 0 0 940 2990; x_wconf 95' lang='lat' dir='ltr'><strong> </strong></span> 
     </span>
    </p>
   </div>
  </div>
 </body>
</html>
