1828 2982
158 193 387 244 VAL'MAXIMI
404 194 458 243 Lis.
470 192 530 242 vn.
551 192 611 244 Car.
627 197 651 242 8.
692 198 737 244 271

88 321 148 372 ‘Est
159 323 217 371 aliud
226 323 338 372 sactorum
349 323 505 386 dictorumque
519 339 592 387 genus
606 339 619 372 a
633 322 740 386 sapiendi

66 389 174 452 proximo
196 389 285 436 deflexu
305 390 333 436 ad
354 388 451 436 vafritiae
473 405 555 436 nomen
577 405 738 452 progressum

67 454 137 515 quod,
157 453 200 500 nisi
217 451 304 501 fallacid
322 454 381 500 vires
399 455 535 507 assumserit,
555 453 621 502 fidem
633 453 740 516 propositi

68 533 117 564 non
125 518 224 564 invenit:
239 519 371 580 laudemque
379 519 468 565 occulto
479 519 552 580 magis
563 519 658 574 tramite,
671 533 738 579 quarn

135 580 145 598 ⁸
158 579 202 636 vit,
242 583 276 629 tit.

68 589 153 710 Ἢ
170 599 242 693 Ser.pe
232 647 309 693 Tullio
324 653 440 708 regnante,
458 647 545 693 cuidam
558 647 705 708 patrifamiliae
716 647 739 692 in

70 727 129 773 agro
140 711 223 758 Sabino
232 711 352 772 praecipuae
360 711 520 772 magnitudinis
531 717 554 757 et
565 713 653 769 enimiae
661 713 741 758 sormae

69 789 142 824 neca
152 783 205 822 nata
215 783 263 833 est;
281 791 348 836 quam
360 776 498 822 oraculorum
511 777 628 822 certissimi
639 784 741 823 auctores

69 841 95 886 in
106 841 175 886 hoca
189 839 242 886 Diis
256 840 417 886 immortalibus
433 840 514 885 editam
529 841 697 901 responderunt,
715 847 740 887 ut

71 903 172 964 quisquis
189 919 238 950 eam
256 904 412 951 Auentiniensi
431 903 514 950 Dianae
530 902 674 958 immoldsset,
692 907 740 967 ejus

70 969 144 1031 patria
154 970 223 1016 totius
234 975 342 1016 terrarum
354 969 413 1014 orbis
423 968 539 1029 imperium
551 969 667 1016 obtineret.
686 967 741 1016 Lae·

70 1043 109 1080 tus
121 1047 148 1079 eo
159 1033 269 1087 dominus,
281 1035 369 1086 bovem,
383 1047 434 1078 curn
447 1030 533 1078 summa
541 1031 683 1080 festinatione
690 1032 740 1080 Ro-

70 1113 132 1144 mam
149 1105 228 1152 actam,
246 1099 270 1144 in
284 1098 400 1144 Aventino
415 1103 467 1143 ante
481 1111 541 1142 aram
556 1096 641 1144 Dianae
656 1099 739 1144 consti-

70 1163 123 1216 tuit,
133 1161 240 1209 sacrificio
249 1163 336 1210 Sabinis
343 1163 442 1224 regimen
449 1161 539 1207 humani
546 1162 635 1223 generis
641 1161 739 1209 daturus.

71 1225 113 1274 De
124 1224 168 1287 qud
180 1243 204 1274 re
219 1227 311 1274 antistes
327 1227 403 1288 templi
418 1226 498 1272 certior
511 1225 591 1279 factus,
608 1225 740 1287 religionem

70 1291 154 1353 hospiti
175 1292 257 1346 intulit,
280 1307 309 1338 ne
329 1291 391 1353 prius
411 1291 525 1338 victimam
547 1291 650 1344 caederet,
672 1306 737 1351 quarn
786 1326 789 1334 ,

69 1355 168 1418 proximi
179 1357 250 1403 amnis
260 1355 317 1418 aqud
327 1372 352 1402 se
366 1356 476 1403 abluisset.
502 1355 583 1416 quue
597 1355 685 1402 alveum
697 1355 738 1401 Ti·

69 1421 131 1468 beris
140 1428 237 1482 petente,
249 1436 340 1468 vaccam
355 1421 403 1482 ipse
417 1420 547 1474 immolavit,
564 1427 587 1466 et
597 1421 673 1466 urbem
685 1435 738 1466 nos-

69 1492 131 1532 tram
142 1491 177 1531 tot
187 1487 309 1540 civitatum,
321 1492 355 1532 tot
365 1485 467 1548 gentium
482 1485 602 1541 dominam,
617 1485 655 1548 pio
670 1485 738 1532 saeri-

69 1549 116 1597 ficii
125 1548 195 1604 furto,
207 1550 307 1596 reddidit.

105 1611 155 1678 (2.)
176 1614 230 1669 Quo
249 1615 273 1660 in
292 1629 375 1678 genere
391 1616 499 1663 acuminis
517 1617 541 1662 in
559 1617 636 1678 primis
655 1615 738 1669 Junius

70 1678 160 1728 Brutus
174 1679 302 1726 referendus
313 1687 354 1728 est.
374 1679 443 1734 Nam,
456 1683 506 1726 cum
518 1697 531 1727 a
542 1697 595 1743 rege
606 1681 736 1742 Tarquinio,

69 1743 184 1791 arunmrlo
194 1759 243 1798 auo,
256 1759 345 1791 omnem
356 1745 476 1791 nobilitatis
485 1745 583 1791 indolem
594 1745 690 1807 excerpi,
703 1745 738 1791 in-

69 1816 151 1869 terque
161 1817 255 1856 caeteros
265 1810 333 1857 etiam
345 1808 437 1855 fratrem
453 1813 525 1862 suu'm,
543 1809 603 1868 quod
617 1809 738 1870 uegetioris

68 1873 158 1935 ingenii
176 1881 231 1928 erat,
249 1873 391 1920 interiectum
410 1871 601 1927 animadverteret,
622 1873 695 1918 obtusi
715 1888 740 1920 se

70 1937 147 1984 oordir
164 1953 214 1986 esse
233 1938 358 1985 simulavit:
383 1934 453 1998 eique
468 1933 554 1984 subaud
569 1937 677 1984 maximas
693 1937 739 1984 vir-

69 2009 133 2049 tutes
144 2003 269 2050 mosterot
296 2002 414 2050 Profectus
424 2002 491 2048 etiam
504 2000 608 2062 Delphos
619 2017 670 2047 cum
681 1999 740 2047 Tar·

70 2066 210 2128 quintianis,
223 2083 279 2128 quos
289 2069 309 2114 is
319 2067 348 2115 ad
358 2067 486 2130 Apollinem
495 2064 603 2128 Pythium
611 2065 740 2113 muneribus

70 2129 230 2194 sacrificiisque
245 2132 399 2180 honorandum
414 2131 511 2186 miserat,
528 2145 607 2177 aurum
621 2129 683 2184 Deo,
697 2144 740 2176 no-

70 2195 135 2242 mine
148 2195 208 2252 doni,
224 2197 282 2244 clam
296 2204 374 2244 cavato
388 2197 467 2244 baculo
480 2196 590 2243 inclusum
605 2195 670 2252 tulit;
687 2194 740 2254 quia

69 2260 165 2308 timebat
175 2275 205 2308 ne
215 2261 256 2308 sibi
268 2263 359 2309 coeleste
373 2276 457 2308 numen
472 2259 548 2323 aperti
561 2260 690 2308 liberalitate
700 2273 741 2306 ve-

70 2325 146 2372 nerari
163 2332 237 2372 tutum
255 2341 301 2372 non
320 2333 386 2374 esset
417 2325 518 2372 Peractis
534 2325 613 2374 deinde
630 2323 740 2372 mandatis

69 2389 149 2452 patris,
166 2390 295 2452 Apollinem
303 2393 399 2453 juvenes
414 2391 580 2444 consuluerunt,
592 2390 694 2452 quisnam
709 2401 739 2434 ex

69 2453 128 2516 ipsis
138 2453 221 2502 Romae
232 2463 366 2518 regnaturus
375 2455 494 2502 videretur.
521 2455 556 2502 At
566 2456 593 2510 is,
609 2470 678 2518 penes
688 2467 739 2500 eum
758 2507 762 2515 ἱ

71 2533 185 2566 summam
193 2521 254 2567 urbis
264 2527 348 2567 nostrae
358 2527 491 2582 potestatem
501 2518 606 2574 futuram,
619 2517 739 2581 respondit,

72 2583 112 2643 qni
123 2590 176 2630 ante
186 2599 265 2631 onrnes
275 2585 340 2632 matri
355 2585 456 2631 osculum
471 2583 574 2630 dedisset
599 2583 665 2631 Tunc
680 2583 741 2630 Bru·

71 2649 223 2709 wopenrae
233 2657 300 2712 atque
310 2663 363 2699 casu
374 2648 496 2712 prolapsus,
506 2647 547 2758 2deL
551 2645 658 2696 industrii
668 2663 693 2696 se
703 2644 742 2693 ab·
