1842 2992
175 215 177 222 ,
204 191 236 250 φᾶ
313 184 390 234 VAL.
404 179 766 234 MAXIMILn11.cn.o.

205 315 249 380 quir
262 315 395 370 liberorum
412 313 489 366 altero,
506 310 550 373 qui
564 327 678 359 servorum
693 325 785 372 corpora
794 311 824 358 sd
833 325 869 356 se-

205 381 301 444 pultune
315 379 389 426 locum
404 378 503 439 plaustro
520 377 666 424 devehuntur.
693 375 748 423 Sine
764 376 869 421 lamenta-

207 445 274 498 tione,
292 443 340 490 siue
349 444 448 504 plusctu,
465 443 538 488 luctus
548 441 633 488 iuuetis
643 441 685 493 die,
702 439 824 486 domestico
834 451 869 484 ss-

206 508 296 562 criiicio,
313 507 443 568 adjectoque
461 505 634 552 necessariorum
654 505 764 558 convivio,
781 503 865 550 finitur.

207 573 299 630 Etenim
310 571 363 632 quid
374 572 460 623 attinet,
473 579 510 617 aut
522 572 619 616 humano
628 570 697 616 dolori
706 569 822 632 indulgeri,
832 575 869 616 sut

206 637 281 686 divino
301 637 386 682 numini
404 635 509 682 iuvidiam
528 635 582 686 deri.
603 635 663 695 quod
681 634 868 680 immortalitatem

206 717 269 749 suam
289 701 403 748 nobiscum
422 700 498 761 partiri
518 699 629 746 noluerit?
657 698 777 746 Venenum
798 697 870 746 cicuti

206 759 353 828 temperatum
365 764 395 830 *in
414 763 441 811 eir
457 764 547 810 civitate
562 763 647 824 publice
663 762 792 815 custoditur,
811 763 871 822 quod

206 831 271 878 datur
286 825 312 884 ei,
345 830 367 876 ui
382 844 460 876 causus
475 828 592 876 Sescentis
604 827 637 890 (id
648 827 707 872 enim
719 827 809 873 aeustds
823 829 870 888 ejus

206 909 289 942 nomen
303 846 349 954 caii
360 887 466 958 exhibuit,
479 899 570 954 propter
580 907 635 952 quas
646 906 706 936 mors
718 891 747 937 sit
757 891 788 937 illi
803 905 870 952 expe-

206 960 287 1017 tenda;
304 959 434 1021 cognitione
447 957 505 1004 virili
516 952 670 1003 benevolentiis
681 953 809 1018 temperati.
822 971 872 1015 quse
908 969 909 1012 2

207 1041 248 1074 nec
259 1024 335 1088 egredi
345 1020 393 1070 virt
406 1031 489 1070 temere
503 1022 592 1083 petitur,
608 1027 631 1066 et
646 1019 755 1080 supienter
765 1020 872 1066 excedere

206 1089 304 1153 cupienti
315 1089 409 1136 celerem
420 1083 459 1134 fati
470 1086 529 1132 viem
540 1085 677 1146 praebet;·ut
687 1084 723 1129 vei
733 1084 828 1132 adversi
837 1085 873 1132 vei
908 1075 909 1112 i

206 1153 312 1219 prosperi
328 1151 394 1200 niruia
411 1167 465 1197 usus
479 1147 569 1196 fortuni
585 1149 691 1210 (utraque
706 1149 765 1194 enim
782 1148 871 1198 finiendi

207 1220 304 1282 spiritus,
324 1217 368 1271 ills,
389 1232 418 1262 ue
434 1220 566 1276 perseveret,
585 1213 641 1266 haeo,
660 1227 689 1259 ne
707 1213 821 1268 destituet,
839 1231 872 1261 rs·

207 1285 292 1332 tionem
303 1276 432 1343 praebuerit)
444 1279 587 1339 comprobato
597 1277 659 1324 exitu
670 1279 809 1325 terminetur.

214 1345 218 1410 J
241 1345 290 1410 (8.)
309 1345 384 1398 Quam
400 1343 582 1388 consuetudinem
597 1340 771 1388 Massiliensium
789 1343 871 1388 nonin

209 1408 283 1459 Guilid
294 1415 378 1462 onam„
387 1402 446 1452 sede
458 1404 549 1453 Graecii
559 1406 687 1453 translatum
699 1406 750 1452 inde
760 1407 871 1458 existimo,

207 1474 268 1538 quod
281 1472 341 1518 iiiam
356 1469 423 1518 etiam
437 1470 463 1516 in
477 1469 550 1516 inauli
565 1467 612 1519 Cet
626 1471 708 1516 servari
719 1471 872 1524 animadverti,

206 1554 251 1616 quo
266 1545 373 1602 tempore,
386 1532 465 1580 Asiam
476 1551 527 1581 curn
540 1535 592 1583 Sex.
607 1534 714 1596 Pompeio
729 1542 816 1596 petens,
834 1533 873 1582 lu-

207 1602 252 1650 lrda
268 1599 372 1662 oppidum
389 1597 476 1646 intravi.
507 1597 576 1646 Forte
594 1600 653 1645 enirn
673 1600 754 1653 evenit,
776 1607 801 1646 ut
821 1607 874 1646 nunc

169 1715 171 1722 ,
208 1679 303 1718 summae
318 1661 432 1724 diguitatis
442 1663 472 1710 ibi
482 1663 571 1716 femina,
588 1663 626 1710 sed
642 1663 781 1726 ultimaejsm
797 1679 874 1711 senet*-

208 1731 269 1784 tutis,
288 1725 372 1775 redditi
389 1727 474 1774 ratione
489 1728 580 1782 civibus,
597 1743 637 1774 cur
651 1727 757 1775 excedere
774 1725 822 1775 vitri
837 1730 874 1776 de-

207 1797 276 1848 beret.
294 1807 382 1840 veneno
401 1807 532 1839 uouemere
551 1807 576 1838 se
594 1790 715 1845 destinirit,
733 1801 874 1855 mortemque

207 1875 271 1925 quarn
283 1855 384 1920 Pompeii
399 1855 517 1918 praesentiri
531 1857 646 1903 clariorem
660 1855 707 1902 fieri
722 1859 800 1920 magui
815 1861 875 1906 επὶ-
907 1879 908 1896 r

206 1924 279 1976 mtrit.
302 1923 351 1970 Nec
362 1937 439 1985 preces
450 1923 497 1984 ejus
506 1921 540 1968 vir
547 1921 591 1975 ille,
604 1928 629 1968 ut
637 1922 739 1968 omnibus
747 1923 873 1976 virtutibus,

206 1993 238 2039 ita
252 1989 395 2038 humanitatis
410 2002 499 2048 quoque
512 1986 611 2032 laudibus
626 1986 819 2042 instructissimus,
838 1988 876 2034 ad-

139 2051 145 2062 '
206 2056 304 2119 spernari
319 2053 430 2100 sustinuit.
461 2050 531 2097 Venit
545 2051 618 2111 itaque
632 2049 660 2096 ad
671 2066 727 2104 earn,
743 2049 875 2098 secundissi-

206 2137 288 2182 moque
300 2133 409 2170 sermone,
422 2116 460 2176 qui
471 2131 509 2162 ore
524 2116 578 2176 ejus,
595 2116 657 2176 quusi
672 2131 685 2161 e
699 2115 763 2162 beato
772 2117 869 2176 quodam

206 2184 341 2248 eloquentie
358 2181 428 2234 fonte,
446 2180 554 2232 monebat,
572 2181 599 2226 sb
618 2181 706 2240 incepto
725 2179 820 2228 condiio
840 2182 875 2228 diu

206 2250 354 2312 nequidquam
366 2261 470 2294 revocare
478 2251 577 2298 conatus,
590 2244 618 2290 sd
626 2244 728 2290 ultimum
737 2247 875 2306 propositum

206 2314 299 2372 exsequi
310 2327 388 2373 passus
399 2317 440 2362 est,
453 2324 511 2370 quae,
524 2309 693 2370 nonagesimum
705 2324 789 2355 anuum
803 2319 876 2358 truns-

205 2392 290 2442 gressa‚
303 2391 354 2422 cum
373 2371 460 2421 summi
474 2381 497 2420 et
512 2373 579 2420 snirni
593 2379 616 2419 et
631 2374 730 2434 corporis
741 2374 875 2430 sinceritate,

205 2441 289 2490 lectulo
301 2440 419 2502 (quantum
431 2439 562 2500 dignoscere
572 2435 630 2496 erat)
643 2436 769 2498 quotidiani
781 2455 877 2486 consuo·

207 2505 284 2554 tudine
292 2503 374 2549 cultius
382 2510 451 2550 strato
460 2503 573 2556 recubans,
586 2509 609 2548 et
620 2503 696 2550 innixa
704 2504 786 2557 cubito,
801 2513 817 2534 ‘⁸
826 2504 877 2552 Tui

205 2565 321 2634 quidem,'’
333 2567 411 2627 inquit
425 2575 440 2597 ‘⁴
450 2568 503 2616 Sex.
513 2565 615 2628 Pompei.
626 2565 670 2632 Dii
680 2567 760 2630 magis,
772 2583 832 2628 quos
844 2585 877 2616 re·

205 2635 291 2693 linquo,
309 2646 375 2692 quom
390 2647 447 2692 quos
462 2639 523 2693 peto,
538 2631 623 2693 gratias
638 2630 749 2690 referaut3
767 2635 821 2694 quis
836 2649 876 2682 nec

204 2699 305 2770 trortstor
319 2696 373 2746 vitre
387 2711 452 2752 mee,
468 2711 510 2745 noc
522 2696 601 2745 mortis
612 2704 731 2762 spectator,
747 2713 800 2750 esse
813 2697 876 2752 {scti-
