1828 2982
180 161 229 206 222
278 157 507 212 VAL'MAXIMI
526 111 578 210 ris
588 159 643 208 VI:
653 159 714 211 Car.
730 161 750 209 1.

179 287 269 344 niribrrs,
281 291 311 339 nb
321 291 414 353 turpiter
420 291 490 338 ictuni
497 290 579 346 ioedos,
589 291 676 338 deditus
686 289 778 350 luetati
787 289 843 342 cum

180 362 272 464 ppppter
283 355 427 403 domesticam
439 357 533 410 minam,
545 363 568 402 et
578 371 649 418 greve
659 371 692 402 aes
702 357 807 409 shmrnm,
819 354 845 402 C·

195 443 198 450 ·
211 419 257 464 otio
268 433 351 466 nexum
363 436 388 467 se
398 421 451 468 dare
465 421 584 467 admodum
594 421 775 467 adolescentulus
784 435 845 466 coae-

180 489 219 528 tus
228 490 295 536 esset,
313 485 429 532 servilibus
444 487 472 532 eb
488 501 516 532 eo
528 485 661 538 verberibus,
680 485 733 545 quis
748 479 845 546 stupnun

180 547 227 608 pati
243 547 352 603 noluerat,
369 547 469 603 effectus,
486 551 599 609 querelam
609 549 638 596 sd
648 549 756 596 consules
766 549 848 610 detulit.
904 593 905 598 ,

180 611 205 658 Α
216 611 295 679 quibps
305 613 348 658 hoc
359 613 387 660 de
397 629 422 660 re
432 615 513 662 certior
520 614 594 662 fuctus
605 621 702 666 senatus,
716 613 848 661 Plotiumin
904 649 905 676 q

180 689 291 722 carcerem
303 677 436 742 ducijussit.
460 677 489 724 Iu
500 679 654 740 qualicumque
667 679 728 724 enim
741 686 848 742 statupo·

180 739 246 786 sitam
257 739 364 790 Romano
375 743 477 804 sanguini
488 743 615 804 pudicitiam
626 750 698 789 tutam
709 759 763 792 esse
772 745 847 790 volarit
904 767 905 786 r

214 803 277 866 (10.)
295 805 329 853 Et
339 807 392 868 quid
402 807 491 860 mirum,
508 808 580 854 sihoc
590 807 688 854 universi
706 806 790 855 Patres
800 823 849 856 con-
904 859 905 864 ,

180 869 257 930 scripti
273 871 426 918 censuerunt?
444 869 473 919 C.
485 870 629 926 Pescennius,
648 871 754 919 triumvir
772 873 849 934 cepta-
904 881 905 894 ³

179 933 215 988 lis,
229 932 367 990 Cornelium,
378 935 499 983 fortissime
508 937 594 990 militiae
604 935 714 997 stipendia
723 938 849 989 emeritum,
904 987 905 998 2

179 998 314 1061 virtutisque
324 1001 415 1048 nomine
424 1000 502 1062 quater
509 1001 594 1048 honore
604 1000 708 1062 primipili
719 1001 748 1046 ab
759 1002 850 1063 impes-
904 1011 905 1064 l

181 1063 267 1111 toribus
283 1064 397 1120 donatum,
419 1065 479 1126 quod
499 1081 550 1112 cum
569 1066 667 1126 ingenuo
683 1065 849 1113 adolescentulo

181 1129 253 1191 stupri
263 1131 422 1178 commercium
432 1130 551 1185 habuisset,
562 1130 655 1192 publicis
665 1128 764 1178 vinculis
775 1145 850 1178 onua-

181 1193 223 1240 vit
242 1193 265 1240 A
276 1211 321 1256 quo
332 1194 434 1257 appellati
449 1194 538 1249 tribuni,
556 1209 607 1242 cunr
618 1194 646 1240 de
657 1201 736 1256 stupro
747 1196 850 1242 nihilne·

181 1265 253 1320 garet,
265 1259 305 1306 sed
316 1260 458 1321 sponsionem
469 1274 494 1306 se
503 1259 576 1306 fucere
582 1267 682 1321 paratum
690 1259 786 1314 diceret,
796 1259 850 1322 quod

181 1321 312 1370 adolescens
328 1323 366 1371 ille
381 1325 455 1386 palam
470 1331 536 1384 atque
550 1331 625 1386 aperte
635 1333 849 1385 corporequaestnrn
904 1349 905 1352 ¹

180 1385 311 1441 institisset,
331 1388 513 1436 intercessionem
532 1404 594 1436 suam
613 1389 757 1450 interponere
776 1391 850 1437 nolue-
904 1423 905 1444 ;

103 1464 106 1474 ·
182 1458 243 1498 runt.
268 1449 348 1512 Itaque
362 1451 483 1501 Cornelius
500 1454 523 1500 in
539 1467 626 1500 carcere
636 1453 693 1499 mori
704 1459 848 1502 oosctusest.
904 1445 905 1500 ἶ

181 1513 238 1562 Non
257 1513 365 1576 putirunt
382 1518 464 1564 tribuni
482 1517 552 1580 plebis
572 1518 729 1580 rempublicam
751 1527 849 1566 nostram
904 1537 905 1572 r

181 1593 234 1626 cum
244 1578 338 1626 fortibus
349 1581 403 1628 viris
413 1583 495 1644 pacisci
503 1589 611 1644 oportere,
624 1589 649 1628 ut
658 1582 758 1630 externis
766 1585 850 1645 pericu-
904 1587 905 1624 l

181 1643 210 1692 lis
220 1643 353 1692 domesticas
364 1645 453 1694 delicias
464 1654 571 1696 emerent.
904 1661 905 1698 1

215 1706 279 1771 (11.)
296 1707 421 1758 Libidinosi
431 1711 568 1760 centurionis
583 1713 723 1775 supplicium,
745 1712 784 1760 Μ.
800 1712 850 1760 Ios·
904 1711 905 1768 ἶ

182 1773 234 1820 torii
241 1773 326 1836 Mergi,
337 1775 419 1822 tribuni
429 1777 536 1831 militaris,
547 1793 610 1838 acque
616 1776 715 1852 [similis]
724 1777 851 1825 foedusexi-
904 1775 905 1834 ζ

182 1845 220 1886 tus
231 1840 343 1901 sequitur:
363 1841 399 1888 cui
411 1839 535 1896 Cominius,
548 1843 737 1904 tribunusplebis,
755 1843 815 1889 di-
826 1842 851 1888 sd
904 1853 905 1900 j

181 1905 289 1967 populum
300 1904 364 1960 dixit,
376 1905 435 1967 quod
446 1906 616 1952 cornicularium
628 1922 693 1954 suurn
704 1907 777 1968 stupri
788 1905 851 1954 causi

182 1968 322 2032 appelldsset.
338 1969 390 2017 Nec
401 1971 506 2018 sustinuit
516 1971 564 2033 ejus
581 1971 612 2016 rei
623 1971 758 2018 sententiam
775 1970 850 2018 Larto-

182 2035 244 2092 rius;
262 2035 302 2082 sed
318 2050 342 2082 se
353 2035 400 2097 ipse
410 2041 463 2086 ante
475 2035 554 2098 judicii
564 2043 652 2096 tempus
662 2033 718 2098 fugi
727 2035 791 2098 prius
802 2037 849 2082 sub·

182 2100 267 2157 traxit;
286 2099 366 2146 deinde
376 2099 443 2147 etiam
455 2107 528 2147 morte
538 2099 632 2162 punivit.
651 2099 749 2147 Naturae
760 2101 849 2148 modun
904 2097 905 2116 ¹

182 2164 325 2226 expleverat:
344 2163 391 2212 sato
403 2171 477 2212 tamen
488 2163 586 2219 functus,
599 2165 710 2212 universe
720 2165 792 2226 plebis
803 2179 849 2212 sen·

182 2226 253 2276 teutid
261 2229 353 2276 crimine
363 2229 507 2292 impudicitiae
517 2229 635 2276 damnatus
645 2237 686 2276 est.
707 2229 781 2292 Signa
790 2230 849 2277 ilirun

182 2293 292 2348 militaria,
305 2301 398 2342 secratae
409 2295 495 2355 squiIae,
508 2302 532 2340 et
540 2295 662 2342 certissima
672 2293 773 2341 Romani
783 2295 850 2356 impo-

183 2357 210 2402 n'i
221 2362 297 2404 custod
308 2373 386 2406 severa
396 2367 519 2406 nestrorum
536 2359 658 2422 disciplina,
674 2359 787 2419 usquead
796 2359 849 2406 inis-

183 2433 220 2465 ros
231 2429 347 2480 persecuta
361 2429 410 2470 est:
425 2425 537 2484 quonism,
555 2425 620 2487 cujus
635 2423 805 2486 magisterare
815 2424 849 2472 de-

180 2481 266 2537 buerat.
283 2485 406 2532 sanctitatis
417 2495 535 2550 corruptor
545 2490 644 2536 tentabat
654 2489 771 2536 exsistere.

195 2611 196 2616 1
214 2543 281 2605 (12.)
299 2547 353 2594 Hoc
368 2551 440 2597 movit
454 2551 483 2600 C.
502 2552 603 2600 Marium
621 2554 780 2616 imperatorem
796 2561 847 2606 tm.

181 2619 231 2651 cum
245 2604 274 2653 C·
285 2607 402 2666 Luscium,
415 2615 499 2662 sororis
509 2627 562 2664 sure*
573 2617 652 2672 lilium,
670 2617 783 2666 tribunum
795 2618 847 2664 mili-
904 2663 905 2672 ,

180 2674 235 2723 ium,
255 2669 314 2722 sc.
334 2672 417 2730 Plotio,
436 2680 582 2744 manipulario
600 2683 678 2738 milite,
697 2683 751 2746 jure
771 2695 847 2732 caenrm
902 2675 905 2690 ¹
