1828 2982
167 167 245 244 una
259 167 398 220 maxim
415 167 468 216 ιιι
483 166 534 220 vu
547 167 607 220 cn.
620 172 644 216 a
691 167 751 233 ass.

70 297 174 417 lollii
189 295 744 426 eittirltllltsliblttaitlit

71 427 108 476 titi
127 428 176 474 solo
193 428 345 475 miserabiliter
358 429 490 490 jacentibus,
511 427 647 488 triumphum
667 423 738 470 duxit.

71 490 162 552 Itaque,
174 493 212 552 qui
222 493 323 555 captivus
333 507 443 539 carcerem
451 494 602 546 exhorruerat,
611 491 683 536 victor
695 487 741 542 Ca-

46 559 51 568 '
70 555 178 618 pitolium
191 556 297 604 felicitate
314 558 438 604 celebravit.
461 555 491 604 In
508 557 586 604 eodem
602 555 669 602 etiam
686 551 742 600 illud

68 621 189 732 fflm,
209 623 269 682 quod
288 622 367 668 eodem
385 636 444 668 anuo
463 628 546 683 praetor
565 628 588 667 et
609 618 688 666 consul
706 623 741 666 est

69 766 72 788 ·.
107 745 172 812 (10.)
189 748 289 797 Casuum
301 765 361 798 nunc
368 750 545 811 contemplemur
551 750 689 796 varietatem.
708 745 738 794 L.

72 813 188 860 Lentulus
202 815 330 868 consularis,
344 816 397 877 lege
413 813 505 862 caecilia
517 814 686 874 repetundarum
698 813 742 858 cri-

71 879 136 926 mine
155 894 279 940 oppressus,
299 894 378 926 censor
394 894 446 926 cunr
465 877 495 924 L.
510 875 635 924 Censorino
654 885 742 924 creatus

71 950 116 991 est·
148 941 223 996 Quem
238 943 328 1004 quidem
343 943 445 990 Fortuna
459 943 517 990 inter
528 949 658 988 ornamenta
668 950 692 988 et
703 942 742 996 def

72 1008 157 1054 decora
166 1005 251 1054 alterni
265 1008 314 1054 vice
324 1009 429 1062 versavit,
441 1006 565 1054 consrdntui
579 1007 637 1052 illius
651 1006 743 1060 damnaq

71 1074 168 1126 tionem,
184 1072 320 1120 damnationi
337 1087 454 1120 censuram
469 1070 618 1134 subiicieud05
635 1077 658 1116 et
669 1085 742 1130 neque

72 1137 140 1185 bouis
151 1151 203 1184 eum
216 1138 327 1199 perpetuis
340 1137 392 1192 frui,
408 1151 481 1197 neque
495 1135 560 1182 malis
574 1135 663 1182 aeternis
677 1135 743 1196 inge-

72 1202 177 1256 miscere,
188 1202 300 1262 patiendo.
735 1245 739 1251 .

107 1264 174 1328 (11.)
191 1265 274 1314 Iisdem
291 1266 375 1313 viribus
392 1267 425 1314 uti
442 1265 514 1314 voluit
530 1265 554 1311 in
572 1261 616 1314 Cn.
635 1261 742 1314 Cornelio

72 1329 181 1391 Scipione
191 1329 277 1378 Animi:
296 1331 342 1391 qui,
359 1331 445 1385 consul,
463 1330 568 1378 aPoenis
578 1327 742 1390 apud-Liparae

71 1401 160 1456 captus,
177 1409 229 1440 cum
240 1395 291 1442 belli
297 1397 349 1458 jure
360 1396 434 1442 omnia
445 1395 581 1456 perdidisset.
594 1395 679 1450 laetiore
689 1394 742 1440 sub-

70 1459 126 1506 inde
140 1459 205 1506 vulm
220 1460 269 1522 ejus
285 1460 380 1522 adjutus,
398 1469 479 1506 cuncta
494 1459 646 1521 recuperavit;
663 1457 743 1506 consul

71 1524 142 1570 etiam
153 1524 234 1570 iterum
245 1532 332 1572 creatus
343 1531 384 1571 est.
412 1523 470 1578 Quis
480 1523 580 1572 crederet
589 1523 651 1570 illum
662 1538 675 1570 a
685 1523 742 1570 duo-

71 1573 146 1639 decim
166 1589 278 1636 securibus
296 1589 324 1636 ad
344 1588 561 1650 Carthaginiensium
582 1583 742 1649 perventurum

71 1653 183 1700 catenam
199 1654 249 1713 quis
265 1669 342 1700 rursus
358 1654 494 1700 existimaret
512 1669 525 1700 a
539 1651 630 1699 Punicis
646 1651 742 1698 vinculis

71 1717 101 1764 ed
117 1717 199 1763 summi
214 1718 299 1779 imperii
314 1725 472 1779 perventurum
487 1717 601 1779 insignia?
617 1717 656 1763 sed
666 1711 746 1778 tamen·

71 1795 104 1828 ex
123 1781 216 1828 consule
227 1780 342 1843 captiuus,
362 1788 386 1828 et
404 1796 433 1828 ex
452 1782 539 1841 captivo
561 1781 646 1834 consul,
668 1780 742 1828 sactus

71 1854 116 1894 est.
406 1879 408 1892 r

105 1907 173 1973 (12.)
194 1910 272 1965 Quid?
294 1909 377 1958 Crasso
396 1925 472 1958 nonne
490 1909 591 1970 pecuniae
609 1910 741 1970 magnitudo

70 1976 196 2036 locupletis
207 1990 289 2022 nomen
300 1975 376 2022 dediti
393 1976 433 2022 sed
443 1974 514 2021 eidem
522 1979 600 2034 postea
609 1974 683 2034 inopia
693 1981 742 2020 tur-

70 2055 126 2103 pem
135 2039 258 2086 decoctoris
267 2040 438 2101 superlationem
446 2039 557 2102 injunxit:
569 2037 676 2098 siquidem
684 2039 743 2086 bons

70 2107 123 2168 ejus
134 2104 306 2158 acrediton'bus,
318 2105 369 2164 quia
377 2105 471 2150 solidum
479 2110 586 2164 praestare
593 2116 639 2148 non
646 2109 742 2164 poterat,

69 2170 199 2218 venierunt.
219 2168 256 2215 Ita
266 2174 355 2229 quoque
362 2167 436 2216 amari
445 2169 586 2230 sugillatione
598 2181 643 2214 nou
654 2167 725 2224 caruit
732 2185 742 2228 r·

67 2247 208 2346 ἱιιιιιοῖαεςειιε
219 2233 348 2288 ambtdaret,
367 2241 383 2263 “
390 2233 480 2282 Diver’
491 2233 519 2281 ab
529 2231 696 2280 occurrentibus
706 2246 742 2280 sa·

78 2315 94 2346 u
147 2308 191 2344 tur.
662 2341 664 2346 .

103 2359 170 2426 (18.)
184 2360 291 2410 Crassum
302 2360 367 2408 casds
378 2361 496 2410 acerbitate
508 2362 540 2416 Q„
552 2361 631 2424 Caepio
642 2343 741 2424 praecurss

67 2429 107 2475 n't.
125 2425 151 2472 Is
159 2441 261 2487 namque,
271 2427 376 2488 praeturae
384 2427 507 2488 splendore,
520 2427 626 2489 triumphi
634 2425 740 2480 claritate,

67 2491 202 2540 consulatus
221 2491 308 2543 decore,
329 2491 419 2537 maximi
438 2490 548 2552 pontificis
567 2491 697 2544 sacerdotio,
716 2496 741 2536 ut

68 2565 85 2602 ε’
95 2555 191 2620 'senaida
204 2553 328 2616 patronus”
340 2555 457 2608 dicemur,
473 2564 595 2610 assecutus,
610 2557 633 2602 in
648 2554 742 2618 publicis

66 2620 167 2670 vinculis
184 2620 286 2682 spiritum
303 2619 419 2680 deposuit:
440 2634 566 2682 corpusque
584 2621 639 2683 ejus,
659 2619 743 2676 funesti

65 2683 181 2738 muncia
195 2684 297 2734 manibus
311 2684 439 2739 laceratum.
456 2683 562 2742 inscalis
578 2684 695 2734 Gemoniis
705 2684 743 2746 Ja-
783 2709 786 2718 ·
