1820 2982
155 152 232 204 vm.
245 152 383 204 nsxmr
398 154 451 206 nn
465 133 511 206 1'v.
530 155 590 210 cm
601 164 626 209 s.
675 168 726 214 ms

43 282 711 354 collegmllliinoonsnlntnbdemntetingeuilsui,

44 348 102 408 quod
112 355 162 394 erat
172 347 312 402 scerrimum,
328 356 351 396 at
364 349 459 412 injuriae,
474 368 542 414 quam
556 357 712 418 gravissimum

43 419 166 474 acceperet,
184 412 283 459 oblivisci
300 414 340 460 sibi
354 414 485 476 imperavit;
504 433 540 473 ne,
558 421 577 466 si
592 421 713 472 dissidente

43 478 118 523 urimo
129 477 295 523 consortionem
305 478 391 539 imperii
401 495 507 542 usurpare
517 484 631 539 voluisset,
643 489 713 548 perti-

43 557 121 588 nacem
133 541 258 587 exhibendo
268 541 388 596 inimicum,
400 545 484 591 mulum
498 550 612 596 consulem
624 559 711 613 ageret.

44 607 106 659 Qum
121 605 210 665 quidem
224 605 305 651 mentis
316 606 343 652 nd
354 609 526 668 tranquilliorem
537 613 636 660 habiturn
647 616 711 664 incli-

42 672 113 722 natio,
126 670 150 714 in
161 685 238 731 aspero
249 684 275 716 ac
290 669 378 716 difficili
386 681 511 733 temporum
526 677 625 732 articulo,
641 681 711 741 pluri·

41 749 108 780 mum
127 733 203 780 salutis
223 733 281 780 Urbi
299 741 366 794 atque
385 734 457 782 Iuliae
473 741 563 798 attulit;
586 743 643 803 piria,
663 745 710 806 puri

40 798 135 844 virtutis
145 799 228 860 impetu
241 799 334 852 connisi,
350 801 457 847 terribiles
472 801 570 852 Punicus
583 807 643 854 vires
657 824 712 856 con·
784 830 788 836 ’

40 863 157 910 tudernnt.

75 924 126 990 (3.)
146 925 238 975 Clarum
254 927 321 973 etism
336 927 361 972 in
377 927 484 976 Africano
499 932 614 992 superiore
632 951 658 982 ao
674 936 712 984 Ti.

40 992 149 1039 Graccho
167 991 315 1053 depasturum
330 992 494 1040 inimicitiarum
510 998 654 1058 exemplum:
680 1002 711 1048 si-

39 1057 141 1117 quidem,
157 1057 185 1102 ad
198 1058 260 1118 cujus
271 1071 355 1102 mensae
366 1073 429 1102 sacra
439 1058 489 1103 odio
501 1059 632 1107 dissidentes
642 1079 711 1111 vene-

39 1128 99 1174 rant,
112 1121 140 1166 ab
148 1118 175 1166 ei
185 1128 208 1166 et
218 1118 314 1167 amicitia
324 1128 347 1166 et
357 1121 464 1166 affinitate
469 1123 544 1183 juncti
552 1123 707 1174 discesserunt.

39 1183 98 1231 Non
109 1192 229 1231 contentus
239 1186 299 1232 enim
311 1185 392 1246 Scipio,
405 1193 496 1232 auctore
508 1195 594 1241 senatu,
606 1190 629 1234 in
642 1189 710 1252 Capi·

37 1250 103 1302 tolio,
124 1247 190 1296 Jovis
206 1250 278 1310 epulo,
299 1264 350 1295 eum
368 1249 472 1296 Graccho
490 1252 630 1299 concordiam
647 1270 709 1302 com-

37 1310 175 1366 municisse,
193 1312 261 1360 liliam
278 1328 366 1375 quoque
382 1315 402 1360 ci
418 1311 546 1362 Corneliam
562 1319 663 1378 protinus
680 1321 709 1367 ibi

38 1377 168 1439 despondit·

75 1440 123 1506 (4.)
142 1441 187 1489 Sed
201 1441 294 1502 hujusce
308 1442 397 1506 generis
409 1443 536 1492 hunanitas
551 1446 616 1493 etiam
631 1447 654 1495 in
668 1449 705 1498 M.

38 1505 154 1555 Cicerone
168 1507 280 1567 praecipue
296 1507 401 1567 apperuit.
428 1508 459 1554 A.
475 1525 570 1571 namque
587 1513 707 1561 Gabinium

37 1571 213 1633 repetundarum
227 1586 289 1617 reum
305 1587 392 1617 summo
407 1573 480 1619 studio
490 1575 593 1630 defendit.
607 1579 645 1638 qui
656 1596 708 1626 eum

36 1640 62 1683 in
78 1635 196 1683 consulatu
211 1650 252 1682 suo
264 1635 327 1682 Urbe
337 1637 457 1696 expulerat.
483 1637 591 1701 Idemque
602 1641 630 1688 P.
641 1643 708 1691 Vati-

36 1701 111 1753 nium,
124 1700 227 1762 dignitati
237 1715 285 1746 suae
296 1713 382 1761 semper
391 1701 504 1755 infestum,
521 1705 606 1751 duobus
616 1709 709 1768 publicis

30 1765 127 1829 judiciis
142 1771 227 1811 tutatus
242 1772 283 1820 est,
300 1771 325 1810 ut
340 1765 387 1810 sine
402 1767 447 1811 ullo
459 1767 550 1814 crimine
559 1769 664 1825 levitatis,
677 1774 709 1821 itu

35 1845 91 1876 curn
106 1827 181 1890 aliqud
193 1827 272 1875 laude:
294 1829 344 1890 quia
359 1831 479 1890 speciosius
495 1831 606 1890 aliquanto
621 1835 709 1898 injurie

33 1891 152 1940 beneflciis
165 1893 293 1948 vincuntur,
309 1909 375 1954 quam
386 1893 458 1940 mutui
470 1894 514 1940 odii
524 1896 644 1956 pertinaciri
653 1915 709 1962 pen.

35 1967 126 2005 ssntsrr.

71 2020 121 2085 (5.)
139 2019 256 2070 Ciceronis
270 2029 344 2068 antem
358 2023 442 2070 factum
457 2023 512 2069 sdeo
523 2023 596 2070 visum
611 2031 646 2072 est
656 2043 709 2088 pro-

35 2084 117 2140 babile,
134 2093 159 2132 ut
176 2087 255 2133 imitari
270 2087 293 2132 id
308 2102 337 2132 ne
351 2088 516 2134 inimicissimus
532 2089 621 2148 quidem
636 2091 668 2136 illi
680 2091 708 2140 Ρ.

37 2151 139 2198 Pulcher
149 2151 292 2198 dubitaverit:
309 2152 346 2212 qui
356 2153 435 2198 incesti
446 2153 539 2198 crimine
547 2168 560 2198 a
568 2153 637 2202 tribus
646 2153 709 2202 Len.

34 2217 91 2262 tulis
102 2223 227 2270 accusatus,
243 2230 313 2262 unum
330 2231 359 2262 ex
374 2217 416 2269 bis,
434 2217 529 2262 ambitus
546 2233 615 2270 reum,
630 2227 709 2279 patro-

35 2281 97 2326 cinio
120 2295 162 2327 suo
184 2281 298 2342 protexit3
322 2287 389 2342 etque
407 2281 430 2326 in
449 2281 548 2326 animum
568 2281 662 2337 induxit,
685 2293 709 2332 et

30 2345 134 2406 judicem
152 2351 175 2390 et
188 2351 308 2406 praetorem
323 2352 347 2391 et
357 2345 436 2392 Vestae
454 2345 524 2391 aedem
539 2346 635 2401 intuens,
652 2351 709 2396 emi.

34 2425 88 2454 cum
109 2407 210 2455 Lentulo
229 2424 312 2470 ugere;
335 2410 393 2456 inter
411 2426 462 2471 quae
481 2411 525 2464 ille,
546 2412 639 2458 salutem
660 2416 708 2477 ejus

34 2472 98 2518 soedo
119 2473 212 2520 crimine
231 2475 324 2520 obruere
340 2475 438 2538 cupiens,
456 2475 531 2522 hostili
547 2492 603 2524 voce
618 2494 708 2540 perora-

34 2545 119 2665 πηἐξ..)
141 2600 250 2651 Caninius
269 2610 344 2650 autem
365 2603 444 2652 Gallus
463 2619 526 2652 reum
543 2606 625 2668 pariter
641 2615 707 2668 ctqoe

32 2667 353 2716 memorem-admirabilem
370 2669 425 2730 egit,
442 2677 466 2717 et
477 2665 625 2780 'Obliuionis
642 2687 708 2734 quem
