1842 2992
189 198 267 249 val,
280 199 416 254 MAXIMI
432 201 485 251 Ina.
499 201 520 250 Ι.
531 203 599 254 'Can
613 208 636 251 8.
714 205 746 252 ts

80 339 127 374 non
137 324 275 390 impetrdsse,
289 325 358 390 quam
364 329 412 392 jam
423 328 526 392 perceptis
536 345 613 377 eorum
630 328 745 376 dulcedine

80 393 187 438 caruisse.

114 454 164 519 (8.)
182 456 330 503 Miserabilior
342 463 417 503 tamen
434 459 544 519 sequentis
561 458 624 506 caslts
639 457 742 506 narratio.

79 518 227 567 Nausimenis
241 521 299 568 enim
315 523 458 568 Atheniensis
469 538 532 576 uxor,
545 539 595 570 cum
606 524 644 569 filii
655 540 680 570 ac
691 524 744 569 filiae

79 599 129 631 suae
143 593 221 647 stupro
237 586 399 640 intervenisset,
416 587 521 648 inopinati
537 589 630 634 monstri
644 588 746 649 perculsa

77 657 216 711 conspectu3
227 657 250 696 et
260 650 283 695 in
295 665 394 712 praesens
404 658 492 712 tempus
502 653 530 698 ad
540 653 708 714 indignandum,
720 659 753 698 et·

79 713 103 758 in
115 721 231 776 posterum
243 715 270 760 ad
280 715 421 775 loquendum,
437 717 553 762 obmutuit.
583 715 620 762 Illi
635 717 743 762 nefarium

78 779 223 824 concubitum
234 778 359 825 voluntariis
369 789 441 826 morte
451 779 578 842 pensdrunt.
609 780 663 826 Hoc
676 781 743 826 modo

80 841 184 890 Fortuna
202 843 296 890 saevieus
308 841 361 890 huic
372 859 458 900 vocem,
470 846 497 891 iis
508 845 583 900 vitam,
599 845 680 892 ademit
687 863 695 904 3
712 845 743 890 illi

78 908 176 970 propitia
186 907 260 953 donat.

112 970 163 1035 (4.)
181 971 263 1034 AEgles
281 971 375 1026 Samius,
393 973 475 1019 athleta
491 979 574 1026 mutus,
594 988 644 1018 cum
660 974 681 1019 ei
696 973 745 1018 vic-

77 1037 153 1090 toriae,
170 1051 236 1096 quam
247 1037 339 1097 adeptus
349 1045 402 1089 erat,
421 1037 499 1082 titulus
509 1045 532 1082 et
542 1038 658 1096 praemium
673 1038 744 1098 eripe-

78 1107 150 1154 retur,
161 1099 313 1162 indignatione
324 1115 437 1154 accensus,
449 1101 532 1146 vocalis
543 1100 620 1146 euasit⁴

112 1161 164 1228 (5.)
182 1165 276 1226 Gorgiae
290 1179 379 1224 quoque
393 1165 502 1226 Epirotae,
518 1163 582 1208 sortis
597 1171 620 1210 et
631 1164 683 1210 clari
694 1163 743 1217 viri,

78 1229 161 1290 orig03
178 1229 224 1290 qui,
240 1229 263 1274 in
273 1228 358 1282 sunere,
376 1229 453 1274 matris
465 1243 511 1274 suae
522 1235 586 1274 utero
598 1228 692 1290 elapsus,
709 1229 745 1273 in-

78 1295 173 1356 opinato
186 1293 265 1356 vagitu
275 1308 316 1339 suo
326 1293 409 1339 lectum
423 1293 519 1339 serentes
530 1293 651 1340 consistere
661 1293 744 1354 codgit,

77 1373 210 1418 novumque
225 1358 374 1419 spectaculum
389 1357 583 1419 patriaepracbuit,
596 1364 682 1404 tantum
698 1373 744 1403 non

78 1437 109 1470 ex
128 1423 178 1484 ipso
196 1422 310 1484 genitricis
328 1437 385 1482 rogo
404 1423 476 1468 lucem
495 1431 518 1468 et
536 1437 604 1468 cunas
620 1430 742 1469 assecutus.

78 1487 170 1534 Eodem
189 1487 255 1532 etiam
274 1493 389 1531 momento
407 1487 520 1548 temporis,
543 1488 612 1533 altera
627 1488 676 1548 jam
696 1487 744 1534 fato

76 1551 158 1598 struma
167 1551 231 1612 parit,
244 1551 361 1597 atterente
372 1551 448 1604 elatus,
461 1567 527 1612 quam
539 1560 603 1598 natus
614 1559 655 1598 est·

111 1612 163 1679 (6.)
181 1614 274 1661 Divinas
287 1613 385 1661 fortunae
401 1615 482 1661 vulnus
497 1615 591 1662 Pheraeo
607 1615 683 1662 Iasoni
694 1615 745 1676 qui·

77 1679 138 1734 dm,
157 1680 219 1726 exitii
230 1679 277 1742 ejus
288 1679 386 1740 cupidus,
398 1680 486 1727 intulit:
505 1695 564 1735 nam,
580 1697 630 1728 cum
641 1682 699 1727 inter
710 1681 746 1725 in·

78 1745 145 1792 sidias
157 1745 232 1806 gladio
243 1759 294 1790 eum
304 1744 456 1805 percussisset,
468 1746 584 1799 vomicam,
597 1761 648 1806 quae
659 1761 672 1791 a
682 1744 745 1790 nullo

77 1809 218 1856 medicorum
236 1808 306 1854 sanari
323 1813 431 1869 potuerat,
452 1808 484 1855 ita
503 1810 569 1870 rupit,
589 1817 614 1856 ut
631 1809 745 1855 hominem

77 1873 186 1938 pestifero
195 1873 255 1918 malo
266 1873 374 1918 liberaret.
415 1888 422 1906 ·

112 1935 164 2002 (7.)
177 1937 253 1998 AEquc
264 1937 316 1984 Diis
324 1935 484 1983 immortalibus
495 1942 599 1998 acceptus
611 1935 744 1988 Simonides,

79 2003 144 2066 eujm'
155 2001 222 2056 salus,
240 2003 267 2048 ab
276 2001 400 2048 imminenti
411 2001 479 2048 exitio
490 2000 586 2053 defensa,
605 2000 675 2046 ruinae
690 2013 747 2058 quo-

79 2083 125 2128 que
136 2068 248 2114 subtracta
263 2073 304 2112 est.
335 2065 441 2114 Coenanti
456 2067 516 2113 enim
530 2064 589 2128 apud
598 2065 704 2124 Scopam,
722 2063 746 2107 in

81 2131 196 2185 Cranone,
214 2129 275 2191 quod
284 2137 319 2176 cst
328 2131 352 2175 in
363 2129 479 2178 Thessalid
490 2131 601 2192 oppidum,
619 2128 745 2173 nuntiatum

79 2205 123 2250 est,
141 2197 198 2242 duos
209 2197 305 2258 juvenes
316 2195 343 2240 ad
349 2196 442 2256 januam
452 2196 547 2249 venisse,
564 2207 699 2255 magnopere
710 2207 747 2237 ro-

78 2267 168 2323 gantes,
187 2267 212 2306 ut
223 2261 251 2306 ad
261 2275 300 2306 eos
311 2259 417 2305 continuo
428 2259 538 2321 prodiret:
557 2260 585 2306 ad
600 2271 655 2320 quos
670 2271 747 2318 egres-

79 2341 125 2380 sus,
150 2325 263 2372 nerninem
285 2324 366 2386 reperit
384 2324 421 2369 ibi.
452 2322 565 2371 Caeterum
585 2339 612 2370 eo
632 2329 747 2369 momento

79 2390 188 2452 temporis
204 2389 330 2442 triclinium,
348 2389 431 2447 inquo
449 2388 531 2448 Scopas
547 2389 681 2449 epulabatur,
699 2386 747 2433 col-

80 2454 175 2516 lapsum,
188 2461 211 2500 et
221 2455 294 2515 ipsum
306 2460 329 2499 et
340 2466 418 2498 omnes
429 2453 534 2499 convivas
543 2453 657 2514 oppressit.
685 2451 747 2504 Quid

78 2518 121 2566 bac
136 2518 244 2565 felicitate
258 2517 398 2578 locupletius,
414 2531 481 2577 quam
495 2531 537 2564 nec
548 2533 615 2571 mare,
632 2531 673 2562 nec
688 2523 747 2561 terra

78 2583 184 2636 sesima,
195 2582 341 2644 exstinguere
352 2581 438 2628 valuit?
671 2591 674 2596 ’

110 2645 161 2712 (8.)
172 2646 229 2694 Non
240 2647 325 2693 invitus
335 2646 387 2692 huic
398 2647 503 2692 subnecto
512 2644 647 2706 Dapbidam,
657 2657 686 2688 ne
696 2641 746 2700 quis

77 2711 175 2776 ignoret,
183 2717 292 2774 quantum
298 2709 429 2765 interfuerit,
439 2711 545 2756 cecinisse
551 2708 655 2756 Deorum
663 2705 748 2757 laudes,
