1870 2990
197 155 276 208 VAL·
289 155 428 208 ΜΔΧΙΜῙ
444 154 497 205 Lm·
511 153 584 206 Vlll.
604 155 664 210 Cur.
677 161 699 208 1.
736 161 784 212 aot

110 285 264 351 sginocoerbs
271 286 392 350 pertineret
397 303 406 344 ς
417 287 461 334 hoc
469 301 515 334 uno
523 286 615 336 nomine
621 287 716 336 absoluti
724 297 786 346 sunt,
827 333 832 340 .

111 353 172 414 qsria
181 353 296 416 judicibus
307 352 399 414 planum
412 349 497 399 factum
510 358 554 407 eat,
568 353 620 400 illos
635 361 713 415 aperto
727 355 786 402 ostio

114 417 222 466 inventos
236 431 287 464 esse
299 417 442 464 dormientes.
469 416 575 472 Somnus,
591 417 691 465 innoxiae
702 419 787 466 securi-

110 481 170 528 tatis
176 477 313 530 certissimus
320 481 395 535 index,
406 481 494 528 miseris
505 497 570 544 opem
581 481 640 529 tulit.
654 481 784 530 Judicatnrn

112 553 151 593 est
161 546 230 601 enim,
242 561 317 594 rerum
327 552 429 592 naturam
440 560 486 592 non
498 547 603 608 recipere,
615 554 648 601 ut,
660 549 735 594 occiso
745 563 786 610 pn·

112 617 159 664 tre,
176 625 243 672 supra
257 611 351 660 vulnera
366 616 390 657 et
403 625 505 658 cruorem
520 612 575 674 ejus,
592 611 690 672 quietem
706 628 785 676 cupere

110 675 236 738 punierint.

194 752 196 756 Ι
383 779 510 829 Damnan'.

8 893 13 938 ἱ
146 864 195 931 (l.)
212 865 373 916 Percurremus
386 882 447 914 nunc
460 882 507 921 eos,
519 867 606 928 quibus,
617 867 641 914 in
652 883 725 916 csusae
736 867 785 918 dic·

20 946 31 963 =
109 932 182 986 tione,
194 933 275 996 magis,
284 947 335 993 quae
342 939 406 980 extra
413 933 560 993 quaestionem
569 939 639 986 erant,
648 943 781 990 nocuerunt,

111 1012 181 1058 quam
192 1013 232 1044 sua
242 997 371 1044 innocentia
380 1013 446 1059 opem
456 997 515 1043 tulit.
540 995 569 1042 L.
581 997 663 1058 Scipio,
672 1005 725 1060 post
733 1015 784 1062 spe-

50 1084 56 1093 ·
110 1061 262 1112 nonrnmum
278 1062 416 1123 triumphum
432 1061 460 1108 de
478 1075 532 1122 rege
550 1060 665 1107 Antiocho
681 1062 782 1120 ductum,

60 1166 68 1185 ·
109 1125 783 1254 ffitntttttrtctttttlttrltltttlt

107 1255 158 1302 tius
172 1255 237 1303 Asine
247 1256 371 1310 (lominum,
385 1262 409 1302 et
418 1256 467 1318 jam
477 1255 578 1316 Europae
589 1255 692 1302 victrices
702 1271 782 1304 manus

110 1319 255 1382 injicientem,
267 1321 327 1368 ultra
336 1319 437 1368 Taurum
453 1325 553 1366 montem
569 1319 723 1367 submoveret:
743 1321 783 1368 sed

107 1384 210 1445 alioquin
225 1384 261 1432 vir
274 1385 430 1432 moenssimae
443 1385 505 1438 ritae,
521 1391 544 1430 et
558 1385 586 1431 ab
600 1385 641 1430 hnc
656 1385 782 1446 suspicione

109 1449 191 1512 procul
202 1457 308 1503 remotus,
316 1449 415 1503 invidiae,
424 1464 476 1510 quae
486 1455 540 1495 tunc
546 1448 572 1495 in
581 1449 675 1496 duorum
685 1448 780 1496 fratrum

109 1513 203 1575 inclytis
213 1515 384 1577 cognominibus
395 1515 511 1568 habitabat,
527 1514 629 1562 resistere
640 1529 686 1560 non
696 1516 778 1577 potuit.

144 1575 191 1642 (2.)
208 1578 242 1626 At
254 1579 353 1642 Scipioni
366 1579 456 1640 quidem
465 1578 578 1626 maximus
589 1578 686 1626 lortunae
696 1579 780 1644 fulgor,

106 1641 141 1692 C·
154 1645 229 1690 mrtem
240 1642 351 1698 Deciano,
363 1651 469 1706 spectatae
476 1644 612 1705 integritatis
619 1645 676 1698 viro,
685 1659 732 1692 vox
740 1660 781 1692 sua

106 1707 203 1757 exitium
211 1709 292 1756 attulit.
318 1707 380 1755 Nam
391 1723 443 1754 cum
454 1707 482 1754 P.
494 1707 588 1754 Furium
595 1708 780 1769 inquinatissimae

106 1773 165 1820 rius
177 1788 220 1835 pro
230 1772 321 1820 Rostris
335 1777 456 1825 accusaret,
468 1772 520 1832 quia
530 1770 625 1832 quidam
634 1773 658 1818 in
669 1781 732 1834 parte
742 1789 780 1822 ac-

105 1837 179 1886 rionis
192 1838 221 1885 (le
235 1845 308 1884 morte
318 1836 348 1884 L.
359 1835 474 1884 Saturnini
488 1835 551 1896 queri
564 1850 633 1882 ausus
645 1836 725 1892 fuerat,
737 1853 780 1885 nec

105 1917 174 1978 reum
192 1902 313 1958 dsmmvn,
333 1909 357 1950 et
375 1901 465 1963 insuper
483 1901 504 1946 ol
523 1913 602 1962 poenss
618 1899 718 1948 addictas
740 1917 781 1964 pe-

104 1966 190 2094 pelll)
207 2031 261 2082 Sex.
270 2047 359 2095 quoque
372 2029 459 2079 Titium
475 2029 553 2077 similis
567 2043 632 2076 casus
648 2030 777 2092 prostravit.

106 2094 168 2146 Erat
183 2097 306 2156 innocens;
323 2104 371 2144 erat
384 2095 471 2159 agrarii
481 2095 533 2158 lege
542 2091 588 2140 nst
598 2095 710 2155 gratiosus
720 2096 780 2158 apud
834 2128 839 2138 .

104 2159 224 2226 poprium·
241 2161 338 2216 Tamen,
350 2161 402 2224 quia
412 2160 526 2208 Saturnini
536 2158 657 2220 imaginem
668 2159 729 2206 domi
739 2159 780 2208 hs-

106 2227 195 2282 buerat,
206 2225 318 2290 suffragiis
328 2241 380 2274 eum
391 2232 440 2272 tota
449 2224 550 2288 cognitio
561 2224 678 2285 oppressit.

140 2288 194 2354 (4.)
210 2291 336 2355 Adjiciatur
349 2290 384 2337 his
401 2288 502 2344 Claudia,
518 2303 593 2350 quam,
608 2288 721 2335 insontem
736 2289 782 2335 cri-

104 2353 176 2411 mine,
192 2363 273 2404 votum
289 2355 382 2418 impium
399 2355 521 2402 subvertit:
540 2354 599 2415 quin,
617 2369 675 2408 curn,
694 2353 780 2400 aludis

103 2420 199 2468 domm
209 2420 305 2475 rediens,
321 2417 386 2467 turbl
395 2420 521 2473 elideretur,
537 2425 659 2480 optaverat,
676 2416 780 2465 utfratsr

102 2499 168 2540 vaus,
185 2485 347 2533 maritimarum
362 2483 443 2532 virium
462 2490 589 2531 nostrarum
605 2483 718 2546 praeoipua
728 2482 781 2545 jac-

101 2557 162 2604 turn,
179 2550 337 2608 revivisoemt3
354 2549 481 2611 saepiusque
498 2548 579 2596 consul
596 2546 677 2602 factus,
695 2545 780 2594 infelici

100 2616 172 2664 doctu
182 2615 249 2663 nimis
259 2629 365 2678 magnam
378 2613 449 2661 Urbis
458 2612 606 2673 frequentiam
619 2613 738 2660 minueret.

104 2714 110 2722 .
130 2675 179 2742 (5.)
196 2679 321 2732 Possumus
332 2686 360 2728 et
373 2679 403 2728 ad
415 2679 466 2728 illos
480 2677 542 2728 brevi
553 2676 689 2726 diverticulo
701 2686 777 2726 trans·
