1870 2990
178 135 258 186 vnn
269 133 410 186 nsxrrn
427 135 482 184 ms
495 135 555 211 un.
573 133 675 186 vrmus.
714 141 766 186 aso

91 266 173 314 duleis
185 262 241 314 vite
254 267 350 329 pignora
363 265 453 330 proprio
470 265 547 328 spiritu
562 266 647 312 cariora
664 272 723 320 sum,
741 279 770 312 es
850 253 853 266 ¹

95 330 279 394 cnrguritann
289 331 382 394 prandia
390 339 458 394 atque
467 345 540 404 coense
550 331 691 378 exstiterunt.

104 627 108 636 .
191 585 251 637 Cur.
262 585 394 636 VIL-De
409 589 560 636 Testameniis
570 588 682 636 rescissis·
743 549 745 554 Ι

100 713 125 756 1.
145 701 229 763 Patris,
242 709 282 770 qui
296 709 366 756 filium
381 723 422 756 ex-
454 713 477 755 4.
489 709 600 772 Septiciae,
609 708 770 756 Trachalorum

201 774 359 821 haerednverat.
549 775 634 820 metris.

97 841 126 884 2.
146 837 184 884 M.
194 838 278 884 Anneii
287 837 423 888 Carseolani·
455 841 477 885 5.
496 837 597 912 Tepentii
609 837 731 900 cujusdam.

99 906 128 948 8.
149 900 267 950 c.Tettii.
338 947 340 952 ,
456 907 479 949 6.
498 901 736 964 Naevianiquusdunr.

230 1024 233 1040 a
299 969 322 1014 7.
340 966 574 1030 Juventiiquusdsm.

137 1095 253 1144 Vacemus
263 1112 324 1144 nuuc
338 1097 437 1159 negotio,
450 1097 510 1158 quod
524 1101 625 1142 sotorum
639 1093 736 1140 hominis
749 1100 774 1140 el

100 1161 225 1222 praecipuae
242 1177 310 1216 curse,
329 1169 353 1209 et
370 1162 443 1208 ultimi
459 1168 494 1208 est
509 1160 631 1221 temporis;
646 1158 774 1205 considere-

101 1240 201 1285 musque
217 1241 268 1286 quae
283 1232 418 1272 testamenta
435 1232 474 1272 aut
493 1224 586 1271 rescissa
604 1230 657 1269 sunt
674 1223 775 1284 legitime

100 1289 178 1346 laem
196 1298 242 1344 aut,
259 1306 311 1336 oum
321 1290 402 1338 men'to
413 1289 508 1336 rescindi
518 1295 616 1350 possent,
629 1295 676 1334 rata
686 1301 775 1332 manse-

103 1361 175 1411 runt;
191 1369 272 1414 quaeve
288 1355 317 1402 ad
333 1355 396 1409 alios,
412 1369 479 1415 quam
495 1353 534 1414 qui
551 1353 716 1416 exspectubmt,
733 1351 776 1397 lro-

104 1433 185 1466 norem
197 1419 332 1466 haereditatis
342 1419 510 1466 transtulerunt.

140 1479 191 1546 (l.)
203 1482 280 1544 Atque
289 1485 339 1538 ista,
351 1489 377 1529 ut
387 1483 471 1538 ordine,
483 1497 529 1544 quo
536 1482 648 1546 proposui,
656 1495 774 1541 exsequar,

105 1547 224 1602 militantis
232 1549 346 1610 quusdam
357 1555 426 1610 pater,
438 1563 490 1596 cum
502 1549 530 1594 de
540 1555 613 1594 morte
622 1547 662 1593 filii
671 1543 752 1593 falsum
760 1561 777 1594 e
863 1577 865 1584 x

103 1612 186 1660 cestris
202 1613 305 1658 nuntium
321 1613 455 1674 accepisses
467 1613 515 1660 aliis
536 1613 660 1659 haeredrisus
680 1610 775 1672 sen'ptis,

105 1675 211 1724 decessit·
229 1675 331 1724 Peractis
341 1676 420 1724 deinde
431 1677 552 1738 stipendiis,
564 1677 692 1723 adolescens
703 1690 779 1722 rever-

107 1756 154 1798 sus,
172 1741 270 1796 domum,
286 1757 361 1789 errore
371 1741 446 1804 patris,
457 1741 636 1802 impudentisque
647 1741 778 1793 amicorum,

107 1806 151 1852 sibi
160 1806 259 1852 clausam
274 1805 362 1869 reperit.
391 1804 453 1859 Quid
463 1805 522 1851 enim
537 1804 581 1850 illis
591 1803 778 1850 inverecundius?

108 1869 202 1918 Florem
212 1871 315 1932 juventae
330 1886 372 1932 pro
387 1867 498 1931 republicis
508 1869 652 1921 absumserst,
669 1867 779 1914 maximos

108 1935 204 1990 labores,
221 1942 244 1982 et
258 1935 353 1998 plurima
364 1934 463 1996 pericula
472 1933 611 1986 toleraverat,
624 1932 780 1978 adversoeor-

107 2014 165 2061 pore
174 2007 279 2060 exceptas
290 1999 420 2046 ostendebat
429 1997 557 2054 cicatricem
574 2004 598 2044 et
607 1995 739 2057 postulabat,
751 2009 783 2043 ne

110 2063 185 2116 avitos
199 2064 247 2126 ejus
260 2064 325 2118 lares,
338 2063 409 2110 otiosa
423 2063 465 2126 ipsi
480 2061 528 2108 urbi
543 2075 618 2114 onera,
631 2059 778 2121 possiderent.

110 2126 200 2188 lisque,
217 2128 323 2190 depositis
337 2129 412 2182 armis,
428 2134 519 2174 coactus
534 2132 568 2173 est
582 2126 606 2171 in
620 2123 670 2170 loro
680 2130 781 2186 togatam

110 2192 199 2254 ingredi
214 2191 322 2240 militium.
352 2193 454 2240 Acerbe:
473 2207 525 2239 cum
539 2189 707 2252 improbissimis
719 2188 780 2234 enim

111 2256 237 2304 hseredibus
253 2258 282 2304 de
295 2258 394 2319 paternis
407 2257 472 2304 bonis
487 2256 546 2319 apud
560 2254 712 2302 centumviros
727 2267 782 2299 con·
849 2269 851 2274 ’
924 2259 925 2314 Ῑ

111 2320 198 2369 tendit:
218 2322 364 2384 omnibusque
381 2337 427 2368 non
444 2321 517 2368 solum
533 2320 639 2374 consiliis,
658 2317 782 2366 sedetiam

112 2385 236 2441 sententiis,
248 2387 349 2449 superior
359 2386 467 2433 discessit.

145 2448 195 2513 (2.)
213 2449 273 2498 Item
292 2451 329 2497 M.
348 2451 433 2498 Anneii
452 2449 589 2504 Carseolani,
612 2445 784 2511 splendidissimi

112 2515 194 2576 equitis
208 2515 315 2570 Romani,
332 2515 397 2570 lilius,
413 2531 428 2562 a
443 2514 551 2563 Sufenate
565 2513 676 2562 avunculo
691 2527 732 2558 suo
743 2512 785 2558 ad-

110 2586 212 2642 spretus,
224 2587 382 2628 testunentum
393 2579 499 2627 naturalis
509 2579 585 2642 patris,
601 2593 647 2640 quo
657 2577 784 2640 praeteritus

112 2651 168 2704 eret,
180 2645 239 2708 apud
247 2646 398 2702 centumviros
410 2645 514 2704 rescidit3
526 2659 577 2705 oum
589 2644 612 2692 in
621 2659 648 2692 eo
656 2641 786 2704 Tullianus,
