<?xml version="1.0" encoding="UTF-8"?>
<!DOCTYPE html PUBLIC "-//W3C//DTD XHTML 1.0 Transitional//EN"
    "http://www.w3.org/TR/xhtml1/DTD/xhtml1-transitional.dtd">
<html xmlns="http://www.w3.org/1999/xhtml" xml:lang="en" lang="en">
 <head>
  <title>
</title>
<meta http-equiv="Content-Type" content="text/html;charset=utf-8" />
  <meta name='ocr-system' content='tesseract 3.04.00' />
  <meta name='ocr-capabilities' content='ocr_page ocr_carea ocr_par ocr_line ocrx_word'/>
</head>
<body>
  <div class='ocr_page' id='page_1' title='image "./valeriimaximifa00kappgoog_0110.png"; bbox 0 0 1820 2982; ppageno 0'>
   <div class='ocr_carea' id='block_1_1' title="bbox 164 149 743 212">
    <p class='ocr_par' dir='ltr' id='par_1_1' title="bbox 164 149 743 212">
     <span class='ocr_line' id='line_1_1' title="bbox 164 149 743 212; baseline 0.007 -4"><span class='ocrx_word' id='word_1_1' title='bbox 164 149 243 208; x_wconf 72' lang='lat' dir='ltr'>v‘AL</span> <span class='ocrx_word' id='word_1_2' title='bbox 256 156 394 210; x_wconf 72' lang='lat' dir='ltr'>Muttini</span> <span class='ocrx_word' id='word_1_3' title='bbox 410 157 464 208; x_wconf 80' lang='lat' dir='ltr'>Ln.</span> <span class='ocrx_word' id='word_1_4' title='bbox 477 153 527 206; x_wconf 77' lang='lat'>111.</span> <span class='ocrx_word' id='word_1_5' title='bbox 546 157 607 210; x_wconf 71' lang='lat' dir='ltr'>Cur.</span> <span class='ocrx_word' id='word_1_6' title='bbox 618 153 650 206; x_wconf 56' lang='lat' dir='ltr'><em>ss</em></span> <span class='ocrx_word' id='word_1_7' title='bbox 712 167 743 212; x_wconf 75' lang='grc'>97</span> 
     </span>
    </p>
   </div>
   <div class='ocr_carea' id='block_1_2' title="bbox 50 281 789 2750">
    <p class='ocr_par' dir='ltr' id='par_1_2' title="bbox 57 281 738 416">
     <span class='ocr_line' id='line_1_2' title="bbox 57 281 738 352; baseline 0 -12"><span class='ocrx_word' id='word_1_8' title='bbox 57 293 122 340; x_wconf 76' lang='lat' dir='ltr'>tium</span> <span class='ocrx_word' id='word_1_9' title='bbox 137 289 263 344; x_wconf 80' lang='lat' dir='ltr'>victor-ism,</span> <span class='ocrx_word' id='word_1_10' title='bbox 279 297 370 338; x_wconf 78' lang='lat' dir='ltr'>etcum</span> <span class='ocrx_word' id='word_1_11' title='bbox 387 287 414 338; x_wconf 77' lang='lat' dir='ltr'>ed</span> <span class='ocrx_word' id='word_1_12' title='bbox 430 303 493 352; x_wconf 85' lang='lat' dir='ltr'>spem</span> <span class='ocrx_word' id='word_1_13' title='bbox 503 281 596 337; x_wconf 72' lang='lat' dir='ltr'>murriini</span> <span class='ocrx_word' id='word_1_14' title='bbox 608 289 664 338; x_wconf 81' lang='lat' dir='ltr'>ciris</span> <span class='ocrx_word' id='word_1_15' title='bbox 678 289 738 340; x_wconf 89' lang='lat' dir='ltr'>Rul-</span> 
     </span>
     <span class='ocr_line' id='line_1_3' title="bbox 59 355 334 416; baseline -0.007 -12"><span class='ocrx_word' id='word_1_16' title='bbox 59 357 127 410; x_wconf 77' lang='lat' dir='ltr'>timi,</span> <span class='ocrx_word' id='word_1_17' title='bbox 139 355 220 416; x_wconf 77' lang='lat' dir='ltr'>potstae</span> <span class='ocrx_word' id='word_1_18' title='bbox 230 355 334 402; x_wconf 78' lang='lat' dir='ltr'>restinrit.</span> 
     </span>
    </p>

    <p class='ocr_par' dir='ltr' id='par_1_3' title="bbox 55 417 737 678">
     <span class='ocr_line' id='line_1_4' title="bbox 93 417 737 485; baseline 0.005 -19"><span class='ocrx_word' id='word_1_19' title='bbox 93 417 166 485; x_wconf 80' lang='lat'>(10.)</span> <span class='ocrx_word' id='word_1_20' title='bbox 185 419 265 473; x_wconf 74' lang='lat' dir='ltr'>Qualis</span> <span class='ocrx_word' id='word_1_21' title='bbox 279 420 360 467; x_wconf 89' lang='lat' dir='ltr'>deinde</span> <span class='ocrx_word' id='word_1_22' title='bbox 369 419 455 466; x_wconf 87' lang='lat' dir='ltr'>roboris</span> <span class='ocrx_word' id='word_1_23' title='bbox 468 419 501 466; x_wconf 92' lang='lat' dir='ltr'>illi</span> <span class='ocrx_word' id='word_1_24' title='bbox 513 418 602 472; x_wconf 83' lang='lat' dir='ltr'>milites,</span> <span class='ocrx_word' id='word_1_25' title='bbox 614 419 652 484; x_wconf 84' lang='lat' dir='ltr'>qui</span> <span class='ocrx_word' id='word_1_26' title='bbox 666 421 737 468; x_wconf 82' lang='lat' dir='ltr'>rebe-</span> 
     </span>
     <span class='ocr_line' id='line_1_5' title="bbox 56 483 736 546; baseline 0.001 -13"><span class='ocrx_word' id='word_1_27' title='bbox 56 485 136 533; x_wconf 80' lang='lat' dir='ltr'>menti</span> <span class='ocrx_word' id='word_1_28' title='bbox 146 484 195 530; x_wconf 87' lang='lat' dir='ltr'>ictu</span> <span class='ocrx_word' id='word_1_29' title='bbox 206 499 318 531; x_wconf 88' lang='lat' dir='ltr'>remorum</span> <span class='ocrx_word' id='word_1_30' title='bbox 333 485 465 535; x_wconf 74' lang='lat' dir='ltr'>concitatum</span> <span class='ocrx_word' id='word_1_31' title='bbox 480 483 542 546; x_wconf 82' lang='lat' dir='ltr'>lugse</span> <span class='ocrx_word' id='word_1_32' title='bbox 557 483 666 532; x_wconf 79' lang='lat' dir='ltr'>Punicam</span> <span class='ocrx_word' id='word_1_33' title='bbox 677 487 736 534; x_wconf 79' lang='lat' dir='ltr'>olas·</span> 
     </span>
     <span class='ocr_line' id='line_1_6' title="bbox 57 549 736 612; baseline 0 -14"><span class='ocrx_word' id='word_1_34' title='bbox 57 566 125 604; x_wconf 54' lang='lat' dir='ltr'>serus</span> <span class='ocrx_word' id='word_1_35' title='bbox 138 555 219 595; x_wconf 86' lang='lat' dir='ltr'>nsntes</span> <span class='ocrx_word' id='word_1_36' title='bbox 230 549 314 596; x_wconf 87' lang='lat' dir='ltr'>lubrico</span> <span class='ocrx_word' id='word_1_37' title='bbox 324 551 405 612; x_wconf 76' lang='lat' dir='ltr'>pelugi,</span> <span class='ocrx_word' id='word_1_38' title='bbox 417 549 481 610; x_wconf 85' lang='lat' dir='ltr'>qussi</span> <span class='ocrx_word' id='word_1_39' title='bbox 490 564 620 612; x_wconf 76' lang='lat' dir='ltr'>camporum</span> <span class='ocrx_word' id='word_1_40' title='bbox 630 549 736 598; x_wconf 82' lang='lat' dir='ltr'>firmitate</span> 
     </span>
     <span class='ocr_line' id='line_1_7' title="bbox 55 613 422 678; baseline 0 -17"><span class='ocrx_word' id='word_1_41' title='bbox 55 616 158 678; x_wconf 78' lang='lat' dir='ltr'>pedites,</span> <span class='ocrx_word' id='word_1_42' title='bbox 170 613 194 660; x_wconf 85' lang='lat' dir='ltr'>in</span> <span class='ocrx_word' id='word_1_43' title='bbox 205 613 258 660; x_wconf 90' lang='lat' dir='ltr'>litus</span> <span class='ocrx_word' id='word_1_44' title='bbox 269 613 422 662; x_wconf 75' lang='lat' dir='ltr'>oetrmterunt!</span> 
     </span>
    </p>

    <p class='ocr_par' dir='ltr' id='par_1_4' title="bbox 51 676 733 1323">
     <span class='ocr_line' id='line_1_8' title="bbox 91 676 733 743; baseline -0.005 -19"><span class='ocrx_word' id='word_1_45' title='bbox 91 681 120 743; x_wconf 88' lang='lat' dir='ltr'>(l</span> <span class='ocrx_word' id='word_1_46' title='bbox 128 676 172 738; x_wconf 86' lang='lat'>1.)·</span> <span class='ocrx_word' id='word_1_47' title='bbox 182 677 290 740; x_wconf 85' lang='lat' dir='ltr'>Ejusdem</span> <span class='ocrx_word' id='word_1_48' title='bbox 304 679 411 741; x_wconf 89' lang='lat' dir='ltr'>temporis</span> <span class='ocrx_word' id='word_1_49' title='bbox 425 685 449 725; x_wconf 87' lang='lat' dir='ltr'>et</span> <span class='ocrx_word' id='word_1_50' title='bbox 462 685 524 726; x_wconf 81' lang='lat' dir='ltr'>notae</span> <span class='ocrx_word' id='word_1_51' title='bbox 537 679 608 732; x_wconf 81' lang='lat' dir='ltr'>miles,</span> <span class='ocrx_word' id='word_1_52' title='bbox 621 680 658 740; x_wconf 91' lang='lat' dir='ltr'>qui</span> <span class='ocrx_word' id='word_1_53' title='bbox 671 678 733 729; x_wconf 80' lang='lat' dir='ltr'>Can.</span> 
     </span>
     <span class='ocr_line' id='line_1_9' title="bbox 56 743 732 808; baseline 0.003 -18"><span class='ocrx_word' id='word_1_54' title='bbox 56 745 129 792; x_wconf 83' lang='lat' dir='ltr'>nensi</span> <span class='ocrx_word' id='word_1_55' title='bbox 139 743 228 804; x_wconf 68' lang='lat' dir='ltr'>proelio,</span> <span class='ocrx_word' id='word_1_56' title='bbox 240 757 285 804; x_wconf 89' lang='lat' dir='ltr'>quo</span> <span class='ocrx_word' id='word_1_57' title='bbox 297 743 412 790; x_wconf 83' lang='lat' dir='ltr'>Hsunibol</span> <span class='ocrx_word' id='word_1_58' title='bbox 422 744 495 805; x_wconf 75' lang='lat' dir='ltr'>magis</span> <span class='ocrx_word' id='word_1_59' title='bbox 505 743 564 790; x_wconf 85' lang='lat' dir='ltr'>vires</span> <span class='ocrx_word' id='word_1_60' title='bbox 575 743 732 808; x_wconf 75' lang='lat' dir='ltr'>Romanorum</span> 
     </span>
     <span class='ocr_line' id='line_1_10' title="bbox 56 808 733 870; baseline 0.003 -14"><span class='ocrx_word' id='word_1_61' title='bbox 56 809 175 860; x_wconf 84' lang='lat' dir='ltr'>contudit,</span> <span class='ocrx_word' id='word_1_62' title='bbox 187 823 252 868; x_wconf 79' lang='lat' dir='ltr'>quam</span> <span class='ocrx_word' id='word_1_63' title='bbox 264 808 433 870; x_wconf 74' lang='lat' dir='ltr'>snimosiregit,</span> <span class='ocrx_word' id='word_1_64' title='bbox 445 823 497 854; x_wconf 88' lang='lat' dir='ltr'>curo</span> <span class='ocrx_word' id='word_1_65' title='bbox 508 809 536 854; x_wconf 83' lang='lat' dir='ltr'>sd</span> <span class='ocrx_word' id='word_1_66' title='bbox 546 809 661 856; x_wconf 77' lang='lat' dir='ltr'>retinendo</span> <span class='ocrx_word' id='word_1_67' title='bbox 671 825 733 858; x_wconf 88' lang='lat' dir='ltr'>nrmn</span> 
     </span>
     <span class='ocr_line' id='line_1_11' title="bbox 55 872 733 934; baseline 0.003 -14"><span class='ocrx_word' id='word_1_68' title='bbox 55 873 154 920; x_wconf 86' lang='lat' dir='ltr'>inutiles</span> <span class='ocrx_word' id='word_1_69' title='bbox 165 872 293 919; x_wconf 73' lang='lat' dir='ltr'>vulneribus</span> <span class='ocrx_word' id='word_1_70' title='bbox 301 888 380 920; x_wconf 87' lang='lat' dir='ltr'>msnus</span> <span class='ocrx_word' id='word_1_71' title='bbox 388 873 486 926; x_wconf 80' lang='lat' dir='ltr'>haberet,</span> <span class='ocrx_word' id='word_1_72' title='bbox 496 873 590 934; x_wconf 80' lang='lat' dir='ltr'>spoliare</span> <span class='ocrx_word' id='word_1_73' title='bbox 598 889 622 920; x_wconf 86' lang='lat' dir='ltr'>se</span> <span class='ocrx_word' id='word_1_74' title='bbox 630 876 733 922; x_wconf 79' lang='lat' dir='ltr'>conantis</span> 
     </span>
     <span class='ocr_line' id='line_1_12' title="bbox 57 937 732 999; baseline 0.001 -14"><span class='ocrx_word' id='word_1_75' title='bbox 57 937 174 985; x_wconf 79' lang='lat' dir='ltr'>Numidae</span> <span class='ocrx_word' id='word_1_76' title='bbox 185 937 294 983; x_wconf 73' lang='lat' dir='ltr'>cervicem</span> <span class='ocrx_word' id='word_1_77' title='bbox 305 938 442 999; x_wconf 81' lang='lat' dir='ltr'>complexus,</span> <span class='ocrx_word' id='word_1_78' title='bbox 459 953 492 990; x_wconf 89' lang='lat' dir='ltr'>os,</span> <span class='ocrx_word' id='word_1_79' title='bbox 509 937 597 984; x_wconf 85' lang='lat' dir='ltr'>naribus</span> <span class='ocrx_word' id='word_1_80' title='bbox 608 945 632 983; x_wconf 89' lang='lat' dir='ltr'>et</span> <span class='ocrx_word' id='word_1_81' title='bbox 642 940 732 987; x_wconf 76' lang='lat' dir='ltr'>stiribus</span> 
     </span>
     <span class='ocr_line' id='line_1_13' title="bbox 55 1001 731 1062; baseline -0.001 -12"><span class='ocrx_word' id='word_1_82' title='bbox 55 1002 167 1055; x_wconf 81' lang='lat' dir='ltr'>corrosis,</span> <span class='ocrx_word' id='word_1_83' title='bbox 180 1001 279 1048; x_wconf 81' lang='lat' dir='ltr'>deforme</span> <span class='ocrx_word' id='word_1_84' title='bbox 287 1002 396 1059; x_wconf 82' lang='lat' dir='ltr'>reddidit3</span> <span class='ocrx_word' id='word_1_85' title='bbox 407 1003 475 1061; x_wconf 89' lang='lat' dir='ltr'>inque</span> <span class='ocrx_word' id='word_1_86' title='bbox 484 1002 557 1062; x_wconf 86' lang='lat' dir='ltr'>plense</span> <span class='ocrx_word' id='word_1_87' title='bbox 568 1002 659 1048; x_wconf 91' lang='lat' dir='ltr'>ultionis</span> <span class='ocrx_word' id='word_1_88' title='bbox 670 1019 731 1049; x_wconf 88' lang='lat' dir='ltr'>rnor-</span> 
     </span>
     <span class='ocr_line' id='line_1_14' title="bbox 54 1066 727 1128; baseline 0 -13"><span class='ocrx_word' id='word_1_89' title='bbox 54 1069 122 1115; x_wconf 85' lang='lat' dir='ltr'>sibus</span> <span class='ocrx_word' id='word_1_90' title='bbox 139 1066 268 1127; x_wconf 77' lang='lat' dir='ltr'>exspiravit.</span> <span class='ocrx_word' id='word_1_91' title='bbox 294 1067 383 1128; x_wconf 82' lang='lat' dir='ltr'>Sepone</span> <span class='ocrx_word' id='word_1_92' title='bbox 397 1067 498 1126; x_wconf 89' lang='lat' dir='ltr'>iniquum</span> <span class='ocrx_word' id='word_1_93' title='bbox 512 1080 597 1126; x_wconf 84' lang='lat' dir='ltr'>pugnae</span> <span class='ocrx_word' id='word_1_94' title='bbox 607 1073 727 1115; x_wconf 85' lang='lat' dir='ltr'>eventum:</span> 
     </span>
     <span class='ocr_line' id='line_1_15' title="bbox 54 1129 730 1194; baseline -0.003 -15"><span class='ocrx_word' id='word_1_95' title='bbox 54 1137 172 1194; x_wconf 72' lang='lat' dir='ltr'>quantum</span> <span class='ocrx_word' id='word_1_96' title='bbox 181 1129 322 1178; x_wconf 80' lang='lat' dir='ltr'>interfectore</span> <span class='ocrx_word' id='word_1_97' title='bbox 330 1131 410 1178; x_wconf 81' lang='lat' dir='ltr'>fortior</span> <span class='ocrx_word' id='word_1_98' title='bbox 417 1129 561 1176; x_wconf 85' lang='lat' dir='ltr'>interfectus!</span> <span class='ocrx_word' id='word_1_99' title='bbox 576 1129 662 1176; x_wconf 88' lang='lat' dir='ltr'>Poenus</span> <span class='ocrx_word' id='word_1_100' title='bbox 670 1133 730 1178; x_wconf 89' lang='lat' dir='ltr'>enim</span> 
     </span>
     <span class='ocr_line' id='line_1_16' title="bbox 52 1192 730 1252; baseline 0 -9"><span class='ocrx_word' id='word_1_101' title='bbox 52 1199 77 1243; x_wconf 89' lang='lat' dir='ltr'>in</span> <span class='ocrx_word' id='word_1_102' title='bbox 89 1192 191 1244; x_wconf 81' lang='lat' dir='ltr'>victorii</span> <span class='ocrx_word' id='word_1_103' title='bbox 201 1196 311 1242; x_wconf 90' lang='lat' dir='ltr'>obnoxius</span> <span class='ocrx_word' id='word_1_104' title='bbox 325 1196 430 1242; x_wconf 85' lang='lat' dir='ltr'>morienti</span> <span class='ocrx_word' id='word_1_105' title='bbox 445 1194 524 1240; x_wconf 79' lang='lat' dir='ltr'>solatio</span> <span class='ocrx_word' id='word_1_106' title='bbox 537 1192 594 1252; x_wconf 82' lang='lat' dir='ltr'>luit3</span> <span class='ocrx_word' id='word_1_107' title='bbox 611 1193 730 1243; x_wconf 79' lang='lat' dir='ltr'>Romanus</span> 
     </span>
     <span class='ocr_line' id='line_1_17' title="bbox 51 1259 506 1323; baseline -0.011 -14"><span class='ocrx_word' id='word_1_108' title='bbox 51 1263 76 1309; x_wconf 90' lang='lat' dir='ltr'>in</span> <span class='ocrx_word' id='word_1_109' title='bbox 87 1263 144 1323; x_wconf 87' lang='lat' dir='ltr'>ipso</span> <span class='ocrx_word' id='word_1_110' title='bbox 155 1259 201 1306; x_wconf 87' lang='lat' dir='ltr'>iiue</span> <span class='ocrx_word' id='word_1_111' title='bbox 210 1260 264 1307; x_wconf 84' lang='lat' dir='ltr'>vitae</span> <span class='ocrx_word' id='word_1_112' title='bbox 274 1261 357 1308; x_wconf 79' lang='lat' dir='ltr'>vindex</span> <span class='ocrx_word' id='word_1_113' title='bbox 368 1261 402 1307; x_wconf 86' lang='lat' dir='ltr'>sui</span> <span class='ocrx_word' id='word_1_114' title='bbox 413 1259 506 1306; x_wconf 83' lang='lat' dir='ltr'>exstitit.</span> 
     </span>
    </p>

    <p class='ocr_par' dir='ltr' id='par_1_5' title="bbox 50 1323 761 2359">
     <span class='ocr_line' id='line_1_18' title="bbox 87 1323 729 1391; baseline 0.002 -19"><span class='ocrx_word' id='word_1_115' title='bbox 87 1323 160 1391; x_wconf 75' lang='lat'>(12.)</span> <span class='ocrx_word' id='word_1_116' title='bbox 178 1324 260 1372; x_wconf 91' lang='lat' dir='ltr'>Militis</span> <span class='ocrx_word' id='word_1_117' title='bbox 275 1327 340 1388; x_wconf 91' lang='lat' dir='ltr'>hujus</span> <span class='ocrx_word' id='word_1_118' title='bbox 351 1326 375 1372; x_wconf 91' lang='lat' dir='ltr'>in</span> <span class='ocrx_word' id='word_1_119' title='bbox 385 1325 480 1372; x_wconf 78' lang='lat' dir='ltr'>adverso</span> <span class='ocrx_word' id='word_1_120' title='bbox 494 1339 548 1371; x_wconf 82' lang='lat' dir='ltr'>casu</span> <span class='ocrx_word' id='word_1_121' title='bbox 562 1330 608 1371; x_wconf 88' lang='lat' dir='ltr'>tsm</span> <span class='ocrx_word' id='word_1_122' title='bbox 623 1325 729 1387; x_wconf 79' lang='lat' dir='ltr'>egregius</span> 
     </span>
     <span class='ocr_line' id='line_1_19' title="bbox 51 1389 729 1453; baseline 0 -15"><span class='ocrx_word' id='word_1_123' title='bbox 51 1399 152 1452; x_wconf 76' lang='lat' dir='ltr'>tamque</span> <span class='ocrx_word' id='word_1_124' title='bbox 167 1389 237 1436; x_wconf 82' lang='lat' dir='ltr'>virilis</span> <span class='ocrx_word' id='word_1_125' title='bbox 251 1390 344 1444; x_wconf 85' lang='lat' dir='ltr'>animus,</span> <span class='ocrx_word' id='word_1_126' title='bbox 362 1405 429 1452; x_wconf 83' lang='lat' dir='ltr'>quam</span> <span class='ocrx_word' id='word_1_127' title='bbox 444 1390 553 1436; x_wconf 79' lang='lat' dir='ltr'>relaturus</span> <span class='ocrx_word' id='word_1_128' title='bbox 568 1405 618 1436; x_wconf 82' lang='lat' dir='ltr'>suni</span> <span class='ocrx_word' id='word_1_129' title='bbox 633 1391 729 1453; x_wconf 85' lang='lat' dir='ltr'>impere-</span> 
     </span>
     <span class='ocr_line' id='line_1_20' title="bbox 51 1452 728 1509; baseline 0 -6"><span class='ocrx_word' id='word_1_130' title='bbox 51 1456 121 1503; x_wconf 87' lang='lat' dir='ltr'>toris.</span> <span class='ocrx_word' id='word_1_131' title='bbox 148 1453 177 1500; x_wconf 87' lang='lat' dir='ltr'>P.</span> <span class='ocrx_word' id='word_1_132' title='bbox 191 1455 250 1501; x_wconf 88' lang='lat' dir='ltr'>enim</span> <span class='ocrx_word' id='word_1_133' title='bbox 269 1452 372 1509; x_wconf 83' lang='lat' dir='ltr'>Crassus,</span> <span class='ocrx_word' id='word_1_134' title='bbox 391 1471 443 1502; x_wconf 88' lang='lat' dir='ltr'>curn</span> <span class='ocrx_word' id='word_1_135' title='bbox 462 1454 590 1502; x_wconf 84' lang='lat' dir='ltr'><strong>Aristonico</strong></span> <span class='ocrx_word' id='word_1_136' title='bbox 607 1455 689 1502; x_wconf 89' lang='lat' dir='ltr'>bellum</span> <span class='ocrx_word' id='word_1_137' title='bbox 705 1457 728 1503; x_wconf 94' lang='lat' dir='ltr'>in</span> 
     </span>
     <span class='ocr_line' id='line_1_21' title="bbox 53 1518 728 1582; baseline -0.001 -14"><span class='ocrx_word' id='word_1_138' title='bbox 53 1518 116 1568; x_wconf 74' lang='lat' dir='ltr'>Asia</span> <span class='ocrx_word' id='word_1_139' title='bbox 123 1534 215 1581; x_wconf 74' lang='lat' dir='ltr'>gerens,</span> <span class='ocrx_word' id='word_1_140' title='bbox 227 1535 241 1566; x_wconf 87' lang='lat' dir='ltr'>s</span> <span class='ocrx_word' id='word_1_141' title='bbox 251 1519 381 1574; x_wconf 75' lang='lat' dir='ltr'>Thracibus,</span> <span class='ocrx_word' id='word_1_142' title='bbox 393 1535 488 1580; x_wconf 89' lang='lat' dir='ltr'>quorum</span> <span class='ocrx_word' id='word_1_143' title='bbox 499 1521 518 1566; x_wconf 92' lang='lat' dir='ltr'>is</span> <span class='ocrx_word' id='word_1_144' title='bbox 529 1535 636 1582; x_wconf 76' lang='lat' dir='ltr'>magnum</span> <span class='ocrx_word' id='word_1_145' title='bbox 648 1536 728 1567; x_wconf 90' lang='lat' dir='ltr'>nume-</span> 
     </span>
     <span class='ocr_line' id='line_1_22' title="bbox 52 1585 727 1647; baseline 0 -15"><span class='ocrx_word' id='word_1_146' title='bbox 52 1601 108 1632; x_wconf 88' lang='lat' dir='ltr'>rum</span> <span class='ocrx_word' id='word_1_147' title='bbox 124 1585 149 1630; x_wconf 90' lang='lat' dir='ltr'>in</span> <span class='ocrx_word' id='word_1_148' title='bbox 164 1585 268 1646; x_wconf 72' lang='lat' dir='ltr'>presidio</span> <span class='ocrx_word' id='word_1_149' title='bbox 283 1585 383 1638; x_wconf 82' lang='lat' dir='ltr'>bsbebst,</span> <span class='ocrx_word' id='word_1_150' title='bbox 399 1585 458 1631; x_wconf 88' lang='lat' dir='ltr'>inter</span> <span class='ocrx_word' id='word_1_151' title='bbox 468 1585 556 1632; x_wconf 80' lang='lat' dir='ltr'>Elaesm</span> <span class='ocrx_word' id='word_1_152' title='bbox 571 1593 594 1632; x_wconf 90' lang='lat' dir='ltr'>et</span> <span class='ocrx_word' id='word_1_153' title='bbox 606 1587 727 1647; x_wconf 82' lang='lat' dir='ltr'>Smyrnam</span> 
     </span>
     <span class='ocr_line' id='line_1_23' title="bbox 52 1649 726 1712; baseline 0 -14"><span class='ocrx_word' id='word_1_154' title='bbox 52 1657 175 1711; x_wconf 80' lang='lat' dir='ltr'>exeeptus,</span> <span class='ocrx_word' id='word_1_155' title='bbox 196 1663 226 1696; x_wconf 87' lang='lat' dir='ltr'>ne</span> <span class='ocrx_word' id='word_1_156' title='bbox 241 1650 265 1695; x_wconf 92' lang='lat' dir='ltr'>in</span> <span class='ocrx_word' id='word_1_157' title='bbox 282 1649 388 1696; x_wconf 83' lang='lat' dir='ltr'><strong>ditionem</strong></span> <span class='ocrx_word' id='word_1_158' title='bbox 406 1651 454 1712; x_wconf 89' lang='lat' dir='ltr'>ejus</span> <span class='ocrx_word' id='word_1_159' title='bbox 469 1651 603 1712; x_wconf 82' lang='lat' dir='ltr'>perveniret,</span> <span class='ocrx_word' id='word_1_160' title='bbox 621 1651 726 1706; x_wconf 86' lang='lat' dir='ltr'>dedecus,</span> 
     </span>
     <span class='ocr_line' id='line_1_24' title="bbox 50 1712 728 1777; baseline -0.003 -13"><span class='ocrx_word' id='word_1_161' title='bbox 50 1712 164 1764; x_wconf 67' lang='lat' dir='ltr'>mand</span> <span class='ocrx_word' id='word_1_162' title='bbox 175 1714 260 1761; x_wconf 79' lang='lat' dir='ltr'>ratione</span> <span class='ocrx_word' id='word_1_163' title='bbox 269 1715 355 1769; x_wconf 84' lang='lat' dir='ltr'>mortis,</span> <span class='ocrx_word' id='word_1_164' title='bbox 372 1714 458 1776; x_wconf 72' lang='lat' dir='ltr'>effingit.</span> <span class='ocrx_word' id='word_1_165' title='bbox 488 1713 585 1776; x_wconf 81' lang='lat' dir='ltr'>Virgsm</span> <span class='ocrx_word' id='word_1_166' title='bbox 599 1716 666 1769; x_wconf 81' lang='lat' dir='ltr'>eninr,</span> <span class='ocrx_word' id='word_1_167' title='bbox 683 1715 728 1777; x_wconf 77' lang='lat' dir='ltr'>qui</span> 
     </span>
     <span class='ocr_line' id='line_1_25' title="bbox 51 1778 727 1840; baseline -0.001 -13"><span class='ocrx_word' id='word_1_168' title='bbox 51 1782 83 1827; x_wconf 80' lang='lat' dir='ltr'>ad</span> <span class='ocrx_word' id='word_1_169' title='bbox 102 1778 229 1840; x_wconf 78' lang='lat' dir='ltr'>regendum</span> <span class='ocrx_word' id='word_1_170' title='bbox 248 1795 331 1840; x_wconf 88' lang='lat' dir='ltr'>equum</span> <span class='ocrx_word' id='word_1_171' title='bbox 349 1795 403 1826; x_wconf 86' lang='lat' dir='ltr'>usus</span> <span class='ocrx_word' id='word_1_172' title='bbox 418 1779 498 1832; x_wconf 82' lang='lat' dir='ltr'>fuerat,</span> <span class='ocrx_word' id='word_1_173' title='bbox 517 1779 542 1824; x_wconf 89' lang='lat' dir='ltr'>in</span> <span class='ocrx_word' id='word_1_174' title='bbox 561 1779 626 1825; x_wconf 89' lang='lat' dir='ltr'>unius</span> <span class='ocrx_word' id='word_1_175' title='bbox 641 1781 727 1826; x_wconf 81' lang='lat' dir='ltr'>bnrbori</span> 
     </span>
     <span class='ocr_line' id='line_1_26' title="bbox 52 1842 727 1905; baseline -0.004 -13"><span class='ocrx_word' id='word_1_176' title='bbox 52 1845 150 1892; x_wconf 84' lang='lat' dir='ltr'>oculum</span> <span class='ocrx_word' id='word_1_177' title='bbox 161 1843 249 1898; x_wconf 86' lang='lat' dir='ltr'>direxit,</span> <span class='ocrx_word' id='word_1_178' title='bbox 263 1844 309 1905; x_wconf 88' lang='lat' dir='ltr'>qui,</span> <span class='ocrx_word' id='word_1_179' title='bbox 324 1844 348 1891; x_wconf 79' lang='lat' dir='ltr'>vi</span> <span class='ocrx_word' id='word_1_180' title='bbox 359 1844 442 1890; x_wconf 89' lang='lat' dir='ltr'>doloris</span> <span class='ocrx_word' id='word_1_181' title='bbox 452 1856 567 1894; x_wconf 80' lang='lat' dir='ltr'>acoensus,</span> <span class='ocrx_word' id='word_1_182' title='bbox 580 1843 637 1890; x_wconf 86' lang='lat' dir='ltr'>lstus</span> <span class='ocrx_word' id='word_1_183' title='bbox 650 1842 727 1891; x_wconf 77' lang='lat' dir='ltr'>Crassi</span> 
     </span>
     <span class='ocr_line' id='line_1_27' title="bbox 52 1906 726 1969; baseline -0.007 -13"><span class='ocrx_word' id='word_1_184' title='bbox 52 1907 103 1956; x_wconf 71' lang='lat' dir='ltr'>siud</span> <span class='ocrx_word' id='word_1_185' title='bbox 120 1906 236 1966; x_wconf 74' lang='lat' dir='ltr'>confodit3</span> <span class='ocrx_word' id='word_1_186' title='bbox 252 1909 350 1969; x_wconf 89' lang='lat' dir='ltr'>dumque</span> <span class='ocrx_word' id='word_1_187' title='bbox 365 1925 390 1955; x_wconf 87' lang='lat' dir='ltr'>se</span> <span class='ocrx_word' id='word_1_188' title='bbox 404 1907 524 1960; x_wconf 84' lang='lat' dir='ltr'>ulciscitur,</span> <span class='ocrx_word' id='word_1_189' title='bbox 537 1906 667 1952; x_wconf 77' lang='lat' dir='ltr'>Romanum</span> <span class='ocrx_word' id='word_1_190' title='bbox 683 1907 726 1952; x_wconf 90' lang='lat' dir='ltr'>im-</span> 
     </span>
     <span class='ocr_line' id='line_1_28' title="bbox 52 1967 723 2037; baseline -0.007 -16"><span class='ocrx_word' id='word_1_191' title='bbox 52 1981 184 2037; x_wconf 75' lang='lat' dir='ltr'>peratorem</span> <span class='ocrx_word' id='word_1_192' title='bbox 205 1967 327 2036; x_wconf 53' lang='lat' dir='ltr'>molestetis</span> <span class='ocrx_word' id='word_1_193' title='bbox 348 1973 438 2020; x_wconf 75' lang='lat' dir='ltr'>umissse</span> <span class='ocrx_word' id='word_1_194' title='bbox 458 1970 595 2032; x_wconf 84' lang='lat' dir='ltr'>turpitudine</span> <span class='ocrx_word' id='word_1_195' title='bbox 616 1970 723 2016; x_wconf 81' lang='lat' dir='ltr'>liberavit.</span> 
     </span>
     <span class='ocr_line' id='line_1_29' title="bbox 51 2035 726 2098; baseline -0.01 -11"><span class='ocrx_word' id='word_1_196' title='bbox 51 2038 164 2087; x_wconf 74' lang='lat' dir='ltr'>Ostendit</span> <span class='ocrx_word' id='word_1_197' title='bbox 183 2036 291 2084; x_wconf 86' lang='lat' dir='ltr'>Fortunae</span> <span class='ocrx_word' id='word_1_198' title='bbox 310 2036 415 2092; x_wconf 76' lang='lat' dir='ltr'>Crassus,</span> <span class='ocrx_word' id='word_1_199' title='bbox 433 2051 500 2098; x_wconf 81' lang='lat' dir='ltr'>quem</span> <span class='ocrx_word' id='word_1_200' title='bbox 518 2035 635 2096; x_wconf 85' lang='lat' dir='ltr'>iudignum</span> <span class='ocrx_word' id='word_1_201' title='bbox 652 2035 726 2081; x_wconf 86' lang='lat' dir='ltr'>virum</span> 
     </span>
     <span class='ocr_line' id='line_1_30' title="bbox 52 2098 727 2165; baseline -0.007 -15"><span class='ocrx_word' id='word_1_202' title='bbox 52 2111 101 2151; x_wconf 75' lang='lat' dir='ltr'>tum</span> <span class='ocrx_word' id='word_1_203' title='bbox 112 2102 179 2165; x_wconf 79' lang='lat' dir='ltr'>gravi</span> <span class='ocrx_word' id='word_1_204' title='bbox 189 2100 324 2150; x_wconf 77' lang='lat' dir='ltr'>contumelid</span> <span class='ocrx_word' id='word_1_205' title='bbox 334 2101 552 2157; x_wconf 77' lang='lat' dir='ltr'>efficerevoluisset3</span> <span class='ocrx_word' id='word_1_206' title='bbox 563 2098 668 2159; x_wconf 85' lang='lat' dir='ltr'>quonism</span> <span class='ocrx_word' id='word_1_207' title='bbox 677 2099 727 2160; x_wconf 90' lang='lat' dir='ltr'>qui-</span> 
     </span>
     <span class='ocr_line' id='line_1_31' title="bbox 53 2163 726 2229; baseline -0.009 -14"><span class='ocrx_word' id='word_1_208' title='bbox 53 2169 107 2216; x_wconf 74' lang='lat' dir='ltr'>dem</span> <span class='ocrx_word' id='word_1_209' title='bbox 121 2168 216 2229; x_wconf 74' lang='lat' dir='ltr'>injectos</span> <span class='ocrx_word' id='word_1_210' title='bbox 233 2169 260 2214; x_wconf 90' lang='lat' dir='ltr'>sb</span> <span class='ocrx_word' id='word_1_211' title='bbox 274 2165 301 2214; x_wconf 80' lang='lat' dir='ltr'>ed</span> <span class='ocrx_word' id='word_1_212' title='bbox 314 2167 409 2214; x_wconf 83' lang='lat' dir='ltr'>libertati</span> <span class='ocrx_word' id='word_1_213' title='bbox 424 2181 471 2213; x_wconf 83' lang='lat' dir='ltr'>suae</span> <span class='ocrx_word' id='word_1_214' title='bbox 485 2163 620 2211; x_wconf 71' lang='lat' dir='ltr'>miserabiles</span> <span class='ocrx_word' id='word_1_215' title='bbox 634 2163 726 2226; x_wconf 76' lang='lat' dir='ltr'>laqueos</span> 
     </span>
     <span class='ocr_line' id='line_1_32' title="bbox 52 2229 761 2296; baseline -0.004 -17"><span class='ocrx_word' id='word_1_216' title='bbox 52 2233 177 2296; x_wconf 84' lang='lat' dir='ltr'>prudenter</span> <span class='ocrx_word' id='word_1_217' title='bbox 186 2233 269 2295; x_wconf 80' lang='lat' dir='ltr'>pariter</span> <span class='ocrx_word' id='word_1_218' title='bbox 276 2247 303 2278; x_wconf 82' lang='lat' dir='ltr'>eo</span> <span class='ocrx_word' id='word_1_219' title='bbox 310 2231 398 2279; x_wconf 78' lang='lat' dir='ltr'>fortiter</span> <span class='ocrx_word' id='word_1_220' title='bbox 405 2231 471 2292; x_wconf 70' lang='lat' dir='ltr'>rupit,</span> <span class='ocrx_word' id='word_1_221' title='bbox 483 2229 634 2291; x_wconf 74' lang='lat' dir='ltr'>donatumque</span> <span class='ocrx_word' id='word_1_222' title='bbox 645 2229 725 2291; x_wconf 81' lang='lat' dir='ltr'>sejam</span> <span class='ocrx_word' id='word_1_223' title='bbox 758 2251 761 2256; x_wconf 94' lang='lat'>·</span> 
     </span>
     <span class='ocr_line' id='line_1_33' title="bbox 52 2295 479 2359; baseline -0.012 -13"><span class='ocrx_word' id='word_1_224' title='bbox 52 2299 194 2350; x_wconf 71' lang='lat' dir='ltr'>Aristonico,</span> <span class='ocrx_word' id='word_1_225' title='bbox 206 2297 310 2359; x_wconf 73' lang='lat' dir='ltr'>dignitati</span> <span class='ocrx_word' id='word_1_226' title='bbox 320 2312 367 2344; x_wconf 73' lang='lat' dir='ltr'>sure</span> <span class='ocrx_word' id='word_1_227' title='bbox 378 2295 479 2344; x_wconf 79' lang='lat' dir='ltr'>reddidit.</span> 
     </span>
    </p>

    <p class='ocr_par' dir='ltr' id='par_1_6' title="bbox 53 2358 789 2750">
     <span class='ocr_line' id='line_1_34' title="bbox 88 2358 789 2427; baseline -0.003 -19"><span class='ocrx_word' id='word_1_228' title='bbox 88 2361 156 2427; x_wconf 78' lang='lat'>(13.)</span> <span class='ocrx_word' id='word_1_229' title='bbox 173 2362 263 2409; x_wconf 86' lang='lat' dir='ltr'>Eodem</span> <span class='ocrx_word' id='word_1_230' title='bbox 280 2361 362 2410; x_wconf 84' lang='lat' dir='ltr'>mentis</span> <span class='ocrx_word' id='word_1_231' title='bbox 378 2360 493 2424; x_wconf 87' lang='lat' dir='ltr'>proposito</span> <span class='ocrx_word' id='word_1_232' title='bbox 510 2375 565 2406; x_wconf 90' lang='lat' dir='ltr'>usus</span> <span class='ocrx_word' id='word_1_233' title='bbox 581 2365 616 2406; x_wconf 87' lang='lat' dir='ltr'>est</span> <span class='ocrx_word' id='word_1_234' title='bbox 633 2358 721 2421; x_wconf 81' lang='lat' dir='ltr'>Scipio:</span> <span class='ocrx_word' id='word_1_235' title='bbox 787 2419 789 2424; x_wconf 17' lang='grc' dir='ltr'><strong><em>Α</em></strong></span> 
     </span>
     <span class='ocr_line' id='line_1_35' title="bbox 54 2424 759 2488; baseline -0.007 -12"><span class='ocrx_word' id='word_1_236' title='bbox 54 2443 160 2488; x_wconf 70' lang='lat' dir='ltr'>namque,</span> <span class='ocrx_word' id='word_1_237' title='bbox 177 2426 295 2474; x_wconf 85' lang='lat' dir='ltr'>infeliciter</span> <span class='ocrx_word' id='word_1_238' title='bbox 311 2425 356 2474; x_wconf 85' lang='lat' dir='ltr'>Cn.</span> <span class='ocrx_word' id='word_1_239' title='bbox 368 2425 470 2488; x_wconf 88' lang='lat' dir='ltr'>Pompeii</span> <span class='ocrx_word' id='word_1_240' title='bbox 484 2424 562 2487; x_wconf 79' lang='lat' dir='ltr'>generi</span> <span class='ocrx_word' id='word_1_241' title='bbox 578 2425 612 2472; x_wconf 92' lang='lat' dir='ltr'>sui</span> <span class='ocrx_word' id='word_1_242' title='bbox 627 2424 725 2472; x_wconf 83' lang='lat' dir='ltr'>delensis</span> <span class='ocrx_word' id='word_1_243' title='bbox 756 2449 759 2452; x_wconf 97' lang='lat'>·</span> 
     </span>
     <span class='ocr_line' id='line_1_36' title="bbox 53 2488 724 2554; baseline -0.007 -14"><span class='ocrx_word' id='word_1_244' title='bbox 53 2495 77 2540; x_wconf 94' lang='lat' dir='ltr'>in</span> <span class='ocrx_word' id='word_1_245' title='bbox 86 2488 166 2540; x_wconf 64' lang='lat' dir='ltr'>Africi</span> <span class='ocrx_word' id='word_1_246' title='bbox 175 2493 281 2554; x_wconf 83' lang='lat' dir='ltr'>pertibus,</span> <span class='ocrx_word' id='word_1_247' title='bbox 294 2491 364 2538; x_wconf 84' lang='lat' dir='ltr'>clssse</span> <span class='ocrx_word' id='word_1_248' title='bbox 372 2491 506 2552; x_wconf 80' lang='lat' dir='ltr'>Hispaniam</span> <span class='ocrx_word' id='word_1_249' title='bbox 514 2497 600 2552; x_wconf 85' lang='lat' dir='ltr'>petens,</span> <span class='ocrx_word' id='word_1_250' title='bbox 612 2506 664 2536; x_wconf 85' lang='lat' dir='ltr'>curn</span> <span class='ocrx_word' id='word_1_251' title='bbox 675 2490 724 2536; x_wconf 82' lang='lat' dir='ltr'>sni-</span> 
     </span>
     <span class='ocr_line' id='line_1_37' title="bbox 53 2553 724 2618; baseline -0.007 -13"><span class='ocrx_word' id='word_1_252' title='bbox 53 2557 211 2606; x_wconf 81' lang='lat' dir='ltr'>rnsdvertisset</span> <span class='ocrx_word' id='word_1_253' title='bbox 221 2571 309 2609; x_wconf 79' lang='lat' dir='ltr'>navem,</span> <span class='ocrx_word' id='word_1_254' title='bbox 321 2553 365 2618; x_wconf 77' lang='lat' dir='ltr'>qui</span> <span class='ocrx_word' id='word_1_255' title='bbox 375 2557 503 2609; x_wconf 75' lang='lat' dir='ltr'>vehebatur,</span> <span class='ocrx_word' id='word_1_256' title='bbox 518 2557 546 2602; x_wconf 84' lang='lat' dir='ltr'>sb</span> <span class='ocrx_word' id='word_1_257' title='bbox 556 2555 656 2602; x_wconf 76' lang='lat' dir='ltr'>hostibus</span> <span class='ocrx_word' id='word_1_258' title='bbox 671 2569 724 2615; x_wconf 73' lang='lat' dir='ltr'>eup-</span> 
     </span>
     <span class='ocr_line' id='line_1_38' title="bbox 54 2619 724 2684; baseline -0.012 -14"><span class='ocrx_word' id='word_1_259' title='bbox 54 2630 108 2676; x_wconf 77' lang='lat' dir='ltr'>trun,</span> <span class='ocrx_word' id='word_1_260' title='bbox 119 2621 195 2684; x_wconf 79' lang='lat' dir='ltr'>glsdio</span> <span class='ocrx_word' id='word_1_261' title='bbox 205 2621 328 2683; x_wconf 66' lang='lat' dir='ltr'>precordia</span> <span class='ocrx_word' id='word_1_262' title='bbox 338 2635 379 2667; x_wconf 88' lang='lat' dir='ltr'>sus</span> <span class='ocrx_word' id='word_1_263' title='bbox 389 2621 588 2667; x_wconf 81' lang='lat' dir='ltr'>transverberavit:</span> <span class='ocrx_word' id='word_1_264' title='bbox 607 2635 633 2666; x_wconf 88' lang='lat' dir='ltr'>sc</span> <span class='ocrx_word' id='word_1_265' title='bbox 644 2619 724 2665; x_wconf 84' lang='lat' dir='ltr'>deinde</span> 
     </span>
     <span class='ocr_line' id='line_1_39' title="bbox 53 2683 721 2750; baseline -0.012 -14"><span class='ocrx_word' id='word_1_266' title='bbox 53 2694 178 2750; x_wconf 75' lang='lat' dir='ltr'>promus</span> <span class='ocrx_word' id='word_1_267' title='bbox 186 2687 209 2734; x_wconf 86' lang='lat' dir='ltr'>in</span> <span class='ocrx_word' id='word_1_268' title='bbox 217 2687 292 2750; x_wconf 80' lang='lat' dir='ltr'>puppi,</span> <span class='ocrx_word' id='word_1_269' title='bbox 305 2686 456 2748; x_wconf 78' lang='lat' dir='ltr'>querentibus</span> <span class='ocrx_word' id='word_1_270' title='bbox 465 2683 600 2734; x_wconf 73' lang='lat' dir='ltr'>Cosmianis</span> <span class='ocrx_word' id='word_1_271' title='bbox 608 2683 721 2735; x_wconf 82' lang='lat' dir='ltr'>militibus,</span> 
     </span>
    </p>
   </div>
   <div class='ocr_carea' id='block_1_3' title="bbox 0 0 914 2982">
    <p class='ocr_par' dir='ltr' id='par_1_7' title="bbox 0 0 914 2982">
     <span class='ocr_line' id='line_1_40' title="bbox 0 0 914 2982; baseline 0 1"><span class='ocrx_word' id='word_1_272' title='bbox 0 0 914 2982; x_wconf 95' lang='lat' dir='ltr'> </span> 
     </span>
    </p>
   </div>
  </div>
 </body>
</html>
