1842 2992
173 149 252 200 VAL.
266 150 403 202 ΜΑΧΙΜΙ
419 151 472 200 Lus.
485 149 520 198 11.
537 147 597 204 Cur·
610 154 634 198 8.
706 152 737 200 st

71 294 154 344 rogare
169 286 229 327 esset
242 294 340 334 necesse,
357 295 452 340 quorum
467 279 536 326 nimia
549 279 623 342 inopia
636 285 739 341 suspecte

71 353 136 404 erat;
159 345 254 406 ideoque
272 345 307 392 his
325 345 412 408 publica
430 359 492 392 arma
509 359 555 392 ιιοιι
571 345 757 392 committebam·

104 470 157 538 (1.)
174 473 220 521 Sed
230 474 294 527 bane,
306 470 391 520 diutini
401 473 544 535 usurpatione
553 473 670 527 innatam,
685 487 741 519 con·

71 538 214 586 suetudinem
227 535 255 586 C.
266 538 354 584 Marius
362 539 433 598 eapite
440 553 532 584 oeusum
540 539 636 600 legendo
646 537 741 583 militem

71 604 167 664 abrupit.
194 599 257 649 Civis
268 603 349 662 alioqui
360 601 498 664 magnificus,
514 604 559 657 sed,
576 604 681 650 novitatis
692 615 740 647 ruae

72 665 217 720 consciendi,
230 667 335 714 vetustati
346 682 391 712 non
402 681 456 712 sane
466 668 586 728 propitius:
602 679 739 726 memorque,

72 733 92 780 si
102 731 206 778 militaris
217 731 307 793 ignavia
316 731 462 777 bumilitatem
471 745 575 792 spernere
582 735 740 793 perseveraret,

73 809 105 850 ee,
118 795 239 856 amaliguo
248 796 356 842 virtutum
363 796 490 856 interprete,
499 796 562 842 velut
570 797 641 857 capita
649 809 741 841 censum

72 858 741 985 biti?wttlttttbltttltltttt

72 989 146 1042 duxit,
159 1003 188 1035 ne
198 989 249 1034 talia
259 995 320 1034 notae
330 989 436 1050 contagio
445 988 473 1035 ad
483 988 552 1050 ipsius
562 1003 652 1049 quoque
662 987 742 1049 glori-

72 1053 240 1116 sugillationem
251 1060 382 1113 penetraret.

107 1114 160 1180 (2.)
170 1117 293 1164 Armorum
304 1116 469 1164 tractandorum
477 1115 591 1162 meditatio
599 1130 612 1162 a
620 1114 648 1161 P.
655 1113 743 1160 Rutilio

73 1181 176 1234 consule,
189 1179 233 1229 Cu.
245 1181 318 1228 Mallii
329 1179 422 1242 collegi,
439 1180 544 1226 militibus
559 1187 597 1228 est.
607 1178 693 1226 tradita.
719 1176 743 1224 Is

74 1246 144 1300 enim,
157 1245 239 1292 nullius
249 1254 302 1292 ante
313 1262 337 1292 se
347 1245 487 1308 imperatoris
501 1245 628 1306 exemplum
644 1249 741 1297 secutus,

74 1325 105 1359 ex
119 1310 174 1356 ludo
191 1308 236 1358 Cn.
250 1311 336 1357 Aurelii
354 1310 430 1357 Scauri
450 1309 575 1366 doctoribus
593 1309 742 1373 gladiatorum

73 1373 195 1429 moestitia,
215 1375 299 1422 vitandi
318 1382 384 1435 atque
402 1374 509 1420 inferendi
528 1375 585 1422 iotua
605 1373 742 1422 subtiliorem

74 1439 186 1488 adon·
201 1439 288 1501 legibus
306 1439 458 1500 ingeneravit:
482 1439 631 1502 virtutemque
650 1439 698 1493 orti,
719 1443 743 1484 et

75 1519 154 1552 rursus
170 1511 240 1550 artem
257 1504 342 1557 virtuti,
359 1504 462 1560 miscuit;
481 1511 507 1550 ut
522 1504 560 1552 illa
574 1505 659 1568 impetu
674 1504 743 1566 huJ'us

73 1568 163 1622 fortior,
175 1569 224 1616 baec
234 1568 293 1614 illius
304 1565 395 1615 scientid
405 1569 489 1614 cautior
499 1568 569 1617 fieret.

109 1631 158 1698 (3.)
176 1633 276 1680 Velitum
292 1648 346 1679 usus
361 1649 388 1679 eo
402 1633 460 1678 bello
474 1633 570 1695 primurn
584 1639 685 1696 repertus
698 1638 742 1686 eat,

74 1715 121 1761 quo
144 1695 246 1759 capuam
268 1696 363 1746 Fulvius
384 1696 479 1744 Flaccus
502 1699 623 1759 imperator
646 1697 741 1744 obsedit.

75 1763 147 1816 Nam,
165 1775 218 1808 cum
233 1762 340 1822 equitatui
358 1760 523 1822 Camunnorum
540 1763 622 1808 crebris
637 1775 745 1809 exerunt·

75 1828 176 1875 tionibus
186 1825 271 1886 equites
281 1827 358 1880 nostri,
371 1827 422 1887 quia
436 1839 530 1872 numero
543 1827 658 1886 pauciores
671 1831 743 1878 erant,

74 1893 181 1940 resistere
190 1905 237 1936 non
247 1897 345 1952 possent,
359 1890 391 1944 Q„
401 1889 498 1936 Naevlus
506 1889 606 1935 canturio
614 1905 627 1935 e
634 1889 745 1950 peditibus

75 1957 148 2006 lectae
154 1955 253 2017 expediti
260 1955 366 2016 corporis,
375 1955 478 2002 brevibus
486 1960 509 2000 et
517 1949 746 2062 [incurvisqoseptenia

76 2027 176 2070 armatur
190 2019 266 2072 battis.
282 2035 353 2080 parvo
366 2020 465 2080 tegmine
478 2017 584 2070 munitos,
600 2031 629 2063 ve
651 2017 672 2062 ci
687 2016 745 2061 saltu

72 2087 173 2150 Jungere
183 2099 208 2132 te
217 2083 372 2144 equitantibus,
388 2091 412 2130 et
425 2098 501 2130 mrsua
516 2081 583 2128 celeri
596 2087 660 2127 motu
675 2079 746 2126 delabi

75 2150 189 2206 instituitq
202 2163 247 2210 quo
254 2146 348 2202 facilius,
360 2148 457 2208 equestri
464 2147 543 2208 proelio
551 2145 651 2208 subjecti,
660 2144 746 2206 pedites

76 2217 138 2264 viror
157 2214 239 2278 pariter
256 2219 322 2272 atque
338 2227 407 2272 equos
422 2213 519 2257 bostium
535 2211 586 2258 telis
601 2211 745 2256 incesserent.

77 2279 158 2342 anue
169 2278 258 2326 novitas
268 2291 351 2338 pugnae
362 2276 452 2322 unicum
464 2273 586 2337 Cmnquuae
596 2274 694 2336 perfidiae
705 2273 744 2330 de-

76 2345 172 2393 liliterit
181 2341 298 2390 auxilium.
316 2340 415 2402 Ideoque
424 2341 510 2388 auctori
520 2342 568 2404 ejus
579 2339 661 2388 Naerio
672 2337 744 2388 adhue

76 2411 149 2459 bonor
160 2418 197 2458 eat
206 2405 301 2454 babitus.
