1828 2982
174 181 253 232 VAL.
263 181 402 231 Mnxrrtl
419 181 472 232 Iun.
484 181 530 232 Vl.
548 183 609 234 Car.
619 191 644 234 8.
699 191 747 236 238

65 311 188 359 (lebetem
208 312 281 359 subito
298 312 385 360 edicere
401 321 493 361 cccmus
509 323 577 370 esset,
596 321 620 362 et
633 317 748 379 Juniorum

65 391 144 424 nemo
162 377 320 438 respondisset,
338 380 446 440 conjectis
459 381 483 425 in
494 389 577 427 sortem
594 382 698 428 omnibus
710 381 750 427 tri-

65 443 155 495 bubus,
169 440 256 496 Polliae,
273 457 324 503 quse
334 445 436 504 proxima
451 445 543 499 exierat,
556 446 652 508 primum
665 461 747 493 nomen

66 505 132 554 unsis
143 513 269 553 extractum
281 508 344 554 citari
357 509 438 570 jussit:
459 523 532 571 neque
547 525 574 558 eo
591 513 747 574 respondente,

64 574 134 620 bona
144 571 292 618 adolescentis
302 573 373 619 hestae
384 575 483 636 subjecit.
504 573 573 628 Quod
584 581 609 622 ut
620 575 651 622 illi
659 578 750 623 nuntia-

65 645 124 684 tum
135 643 179 689 est,
196 635 224 682 ad
241 637 339 682 consulis
356 637 452 684 tribunal
467 640 571 692 cucurrit,
585 641 749 704 collegiumque

65 701 215 748 tn'bunorum
233 701 359 763 appellavit.
385 701 453 748 Tunc
464 703 508 750 M'
525 703 615 760 Curius,
633 706 747 768 praesstos,

67 773 90 798 ¹¹
100 779 149 812 non
161 781 217 826 opus
228 781 278 812 esse
288 781 315 812 eo
327 767 376 813 cive
387 767 519 828 reipublice,
536 770 573 830 qui
584 785 662 833 parere
676 771 749 818 nesci-

67 829 135 884 ret,”
148 837 172 876 et
183 831 241 877 bona
251 833 306 894 ejus,
319 839 342 878 et
352 832 433 894 ipsum,
445 833 552 880 vendidit.

108 893 161 959 (5.)
178 894 255 956 Qus
272 903 340 943 tenax
354 897 463 958 propositi
481 897 511 944 L.
525 897 649 946 Domitius.
676 899 747 955 Nam,

67 975 128 1009 etun
139 959 237 1007 Siciliam
248 969 334 1022 praetor
341 969 436 1024 regeret,
449 971 472 1008 et
482 963 511 1009 ad
521 979 572 1010 eum
583 963 673 1011 eximie
683 980 749 1026 mag-

70 1024 186 1072 nitudinis
200 1039 253 1086 aper
268 1026 349 1072 allatus
367 1034 434 1080 esset,
452 1027 531 1074 adduci
548 1027 577 1074 ad
594 1035 748 1090 sepuitorem,

70 1091 142 1152 cnjus
158 1103 227 1136 manu
245 1091 333 1138 occisus
352 1098 407 1145 erat,
424 1092 499 1153 jussit.
527 1091 747 1154 Interrogatumque,

69 1153 117 1216 qul
138 1167 189 1201 eam
207 1155 301 1202 mem
325 1155 466 1210 coniecisset,
492 1163 612 1218 postquam
632 1158 747 1218 comperit,

72 1233 145 1267 usum
155 1219 272 1273 vernbulo,
289 1220 350 1266 cruci
364 1221 450 1266 suffixit
457 1237 466 1277 3
483 1221 535 1281 quia
550 1221 605 1282 ipse,
624 1221 652 1267 ad
666 1223 748 1268 exstir-

69 1284 151 1348 panda
160 1283 283 1339 latrocinia,
294 1285 375 1345 quibus
384 1285 500 1348 provincia
509 1285 644 1341 vastabatur,
660 1301 689 1334 ue
699 1288 749 1348 quis

70 1350 147 1397 telum
158 1349 256 1404 baberet,
268 1349 375 1395 edixerat.
395 1349 450 1396 Hoc
460 1349 539 1411 aliquis
550 1351 574 1396 in
584 1349 629 1398 line
641 1353 748 1399 severita-

70 1416 103 1462 tis
118 1420 145 1460 et
156 1413 249 1460 saeaitiae
265 1415 394 1476 ponendum
412 1415 505 1462 dixerit:
525 1415 674 1478 disputatione
688 1417 748 1464 enim

70 1487 174 1538 utroque
184 1477 244 1524 flecti
259 1485 340 1540 potest.
367 1477 482 1528 Caeterum
498 1481 555 1528 ratio
569 1481 650 1544 publici
661 1481 748 1546 imperii

69 1549 196 1608 pretorem
207 1543 274 1590 nimis
284 1559 387 1606 asperum
398 1545 520 1592 existimari
531 1561 576 1593 non
587 1547 676 1609 patitur.

119 1605 159 1668 6.)
177 1608 215 1655 Sic
227 1623 251 1655 se
261 1608 285 1654 in
301 1609 356 1656 viris
373 1611 491 1672 puniendis
508 1613 615 1659 severitas
634 1612 743 1660 exercuit.

132 1673 194 1719 nein
203 1671 293 1720 feminis
305 1673 395 1735 quidem
406 1675 514 1737 supplicio
525 1675 645 1723 efficiendis
657 1677 748 1740 segnio-

69 1753 123 1786 rem
136 1751 160 1784 se
170 1738 225 1799 egit.
253 1736 364 1785 Horatius
382 1753 440 1785 unus
457 1740 537 1800 proelio
553 1741 621 1786 trium
633 1740 747 1790 Curiatio-

71 1817 134 1857 rum,
153 1802 281 1849 conditione
291 1817 375 1865 pugnae
386 1803 487 1848 omnium
498 1805 646 1858 Albanorum,
665 1807 746 1860 victor,

68 1883 135 1922 mm,
147 1881 176 1914 ex
186 1865 224 1914 illt
234 1866 356 1914 clarissimi
366 1867 413 1914 acie
422 1867 513 1914 domum
524 1875 634 1929 repetens,
646 1884 746 1916 sororem

70 1947 139 1980 suam
159 1932 272 1995 uirginem
292 1931 386 1981 Curiatii
406 1933 481 1993 sponsi
504 1940 601 1978 mortem
624 1933 745 1994 profusius,

70 1999 143 2059 quem
153 1995 192 2044 illa
203 2005 258 2044 setas
269 1997 367 2051 debebat,
385 1996 478 2044 flentem
489 1997 588 2050 vidisset,
605 1997 687 2058 gladio,
699 2013 745 2058 quo

70 2062 153 2125 patriae
164 2077 211 2108 rem
221 2063 279 2109 bene
293 2069 400 2125 gesserat,
419 2061 547 2120 interemit;
565 2075 643 2124 pamm
654 2063 746 2124 pudicas

70 2134 136 2174 ratus
157 2127 275 2188 lacrymas,
297 2143 510 2190 quaevpraepropero
535 2127 606 2173 amori
627 2126 743 2182 dabantur.

72 2192 159 2246 Quem,
169 2191 213 2238 hoc
223 2192 314 2239 nomine
325 2207 388 2239 reum
401 2193 460 2254 apud
469 2192 577 2254 populum
588 2198 670 2244 actum,
683 2199 746 2253 pater
796 2215 799 2218 ·

71 2255 179 2305 defendit.
199 2253 236 2303 lta
246 2257 312 2319 paulo
322 2259 454 2320 propensior
464 2258 552 2304 animus
562 2256 643 2318 puellae
654 2255 683 2302 sd
697 2271 745 2303 me·

71 2321 168 2370 moriam
177 2320 248 2368 sutori
261 2322 312 2376 otri,
329 2329 352 2369 et
369 2321 462 2369 fratrem
476 2321 574 2369 ferocem
585 2319 704 2378 vindicem,
722 2328 746 2368 et

70 2387 178 2436 vindictae
188 2395 235 2433 tam
246 2387 343 2450 rigidum
354 2401 493 2434 assensorem
504 2393 598 2450 patrem,
609 2385 693 2432 habuit.

105 2449 155 2516 (7.)
174 2448 293 2500 Consimili
304 2453 423 2500 severitate
434 2459 524 2499 senatus
534 2457 612 2514 postea
623 2465 684 2506 usus,
702 2450 742 2514 Sp.

72 2515 193 2564 Postumio
207 2517 299 2571 Albino,
318 2525 341 2564 et
354 2516 386 2571 Q„
399 2516 489 2564 Marcio
501 2516 605 2579 Philippo
616 2517 745 2564 consulibus

71 2581 192 2635 mandavit,
206 2589 231 2629 ut
241 2582 270 2630 de
280 2583 322 2637 bis,
335 2597 387 2643 quoe
395 2583 464 2629 sacris
474 2582 649 2630 Bacchanalium
660 2583 746 2629 inceste

72 2663 119 2694 usae
129 2646 225 2701 sumant,
237 2647 382 2708 inquirerent.
401 2648 572 2709 equisonum
583 2647 661 2694 multae
669 2653 745 2695 essent

71 2713 191 2766 damam
208 2711 232 2759 in
249 2727 336 2768 omnes,
349 2720 458 2777 cognatu
468 2713 528 2764 intra
538 2713 625 2768 domos,
644 2711 745 2762 animad-
