1820 2982
189 187 237 234 too
280 182 365 234 .th
374 181 513 236 Maxim
529 179 583 230 Lm.
593 179 642 230 111.
656 179 719 232 'Can
732 179 759 228 a:

186 313 292 362 ineundae
306 312 369 376 ingre
383 311 510 376 gratidjam
524 327 667 367 conversum,
681 311 783 360 faucibus
794 306 858 358 ¹com·

187 381 330 444 prehensum,
342 379 366 424 in
377 379 511 437 contrariam
521 387 607 441 partem
615 378 717 432 detraxit,
730 378 856 423 dexteram-
900 371 901 406 l

188 459 233 506 que
251 444 279 490 ad
298 445 386 490 bostem
405 443 507 497 tendens,
531 451 547 474 ‘⁴
565 443 681 497 Quorsum
700 441 752 496 tu,”
773 441 854 502 inquit,
900 413 901 486 l

190 515 206 540 ‘⁶
218 508 282 554 abis?
299 505 350 555 Illic
362 515 421 562 sunt,
439 503 490 554 clun
502 509 581 569 quibus
592 508 722 554 dimicamus
731 505 757 554 :”
773 513 798 552 et
807 521 856 552 ma·
900 519 901 544 i

115 632 121 639 ,
188 572 255 620 nibus
269 573 359 634 quidem
374 587 444 618 unum
459 573 560 627 militem,
573 573 725 620 adhortatione
739 587 794 618 vero
809 579 854 617 tam

188 637 235 686 acri
246 637 346 684 omnium
356 637 472 700 legionum
482 639 651 702 trepidationem
663 637 773 695 correxit;
784 635 855 684 vinei-

189 717 234 764 que
244 709 339 764 paratas,
351 703 442 750 vincere
453 703 536 750 docuit

223 765 288 832 (20.)
307 766 430 822 Caeterum,
449 775 473 814 ut
488 769 593 814 humanae
605 767 695 814 virtutis
706 772 780 814 actum
791 779 855 812 exse-

188 847 291 895 quamur,
309 848 361 880 oum
379 832 494 879 Hannibal
511 831 620 894 Capuam,
638 833 662 878 in
678 830 724 894 qula
737 831 854 879 Romanus

189 899 302 945 exercitus
314 904 368 952 erat,
387 898 503 950 obsideret,
521 898 603 944 Vibius
616 896 734 950 Acouaeus,
752 895 854 958 Peligna

188 963 289 1010 cohortis
302 963 429 1026 praefectus,
445 962 553 1010 vexillum
569 970 631 1009 trans
647 961 758 1008 Punicum
772 961 854 1007 vallum

188 1029 297 1092 projoeit3
310 1029 415 1091 seipsum,
427 1043 524 1088 suosque
535 1028 704 1080 commilitones,
718 1027 771 1072 sieo
779 1026 854 1070 hostes

188 1095 255 1158 potiti
269 1100 352 1149 essent,
364 1100 506 1141 exsecratus:
525 1099 549 1140 et
563 1093 591 1147 ed
601 1092 624 1138 id
633 1091 762 1154 petendum,
780 1091 854 1136 subse-

180 1167 273 1220 'quente
281 1161 379 1214 cohorte,
392 1161 477 1221 primus
488 1158 597 1220 impetum
604 1155 665 1203 lecit.
691 1155 760 1208 Quod
771 1161 797 1200 ut
807 1153 854 1200 Ve-

187 1224 256 1271 leriur
265 1224 368 1278 Flaccus,
377 1225 479 1272 tribunus
493 1223 565 1270 tertiae
572 1221 675 1284 legionis,
685 1220 792 1282 adspexit,
803 1233 855 1265 con·

188 1303 269 1337 versus
284 1290 312 1336 ad
328 1304 388 1342 suos,
407 1295 423 1318 ‘⁸
435 1285 602 1349 Spectatores,”
619 1286 697 1347 inquit,
717 1291 733 1314 “
745 1291 770 1330 ut
782 1284 852 1336 video,

188 1353 269 1402 alienae
279 1353 368 1400 virtutis
383 1353 428 1398 huc
437 1353 554 1400 venimus:
574 1351 613 1398 sed
624 1351 681 1397 absit
690 1349 750 1395 istud
762 1349 855 1394 dedecus

188 1432 204 1465 a
219 1417 328 1478 sanguine
342 1422 428 1470 nostro,
444 1424 470 1462 ut
481 1416 581 1464 Romani
596 1412 669 1476 gloriis
679 1414 758 1460 cedere
769 1411 854 1459 Latinis

188 1481 293 1528 velimus.
311 1479 366 1541 Ego
377 1486 438 1526 certe
445 1488 485 1526 aut
492 1482 614 1542 speciosam
624 1479 698 1541 optavi
706 1485 810 1531 mortem,
820 1483 856 1524 aut

188 1545 277 1594 felicem
292 1544 391 1590 audaciae
405 1545 504 1590 exitum:
523 1545 560 1591 vel
571 1545 632 1590 solus
642 1545 712 1606 igitur
721 1555 855 1604 praecurrere

188 1615 280 1674 paratus
295 1606 372 1654 sum·'’
394 1606 440 1654 His
455 1609 543 1663 auditis,
560 1608 672 1656 Pedanius
687 1608 787 1654 centurio
803 1621 854 1652 oon·

188 1674 279 1722 vulsum
291 1673 382 1734 signum
393 1671 471 1720 dextri
481 1674 587 1727 retinens,
608 1680 623 1703 “
631 1672 684 1720 Jam
695 1671 764 1726 hoc,”
777 1672 852 1732 inquit,

190 1745 207 1770 ⁶⁴
215 1739 275 1784 intra
282 1737 364 1784 hostile
370 1737 455 1784 vallum
463 1753 552 1785 mecum
561 1737 615 1787 erit:
626 1737 719 1800 proinde
727 1743 852 1798 sequantur,

188 1803 228 1865 qui
243 1803 267 1848 id
280 1802 329 1866 capi
344 1802 459 1850 nolunt:'’
476 1810 561 1850 etcum
576 1817 604 1850 eo
614 1803 638 1848 in
649 1810 722 1849 castra
732 1799 853 1848 Poenorum

187 1868 275 1931 irrupit,
293 1875 410 1929 totamque
420 1883 495 1916 secum
506 1867 575 1914 trusit
589 1867 709 1930 legionem.
737 1865 775 1913 Ita
789 1867 853 1912 trium

188 1935 289 1984 virorum
299 1933 365 1980 fortis
375 1933 488 1980 temeritas
500 1932 657 1986 Hannibalern,
669 1931 736 1994 paulo
751 1939 803 1978 ante
818 1943 854 1992 spe

189 1997 230 2048 sual
242 1997 328 2062 Capuae
338 1998 465 2060 potitorern,
482 2011 512 2044 ne
526 2003 650 2044 castrorum
665 1997 754 2058 quidem
766 2008 853 2043 suorum

189 2071 306 2129 potentem
317 2079 367 2110 esse
376 2078 442 2125 passa
452 2069 494 2110 est

223 2126 289 2194 (21.)
308 2129 411 2182 Quorum
428 2127 507 2174 virtuti
523 2126 579 2173 nibil
593 2126 652 2174 cedit
667 2125 699 2180 Q
714 2123 802 2178 Cotius,
820 2124 853 2186 qui

182 2200 280 2258 propter
285 2193 438 2240 fortitudinem
446 2192 546 2239 Achilles
553 2191 725 2253 cognominatus
732 2197 775 2237 est,
788 2190 852 2242 Nam,

189 2267 216 2306 ut
231 2259 314 2318 reliqua
331 2259 379 2320 ejus
397 2273 464 2318 opera
480 2272 526 2303 non
544 2271 659 2317 exsequar,
677 2255 765 2302 abunde
781 2262 853 2301 tamen

188 2319 276 2370 duobus
292 2321 364 2375 iactis,
383 2336 434 2382 quoe
451 2323 561 2368 relaturus
578 2337 635 2374 surn,
652 2329 748 2381 quantus
765 2320 854 2367 bellator

187 2386 263 2439 fuerit,
280 2394 436 2446 cognoscetur.
467 2385 498 2440 Q.
512 2386 608 2433 Metello
619 2385 718 2439 consule,
730 2386 819 2446 legatus
832 2384 853 2429 in

189 2449 324 2510 Hispaniam
335 2449 454 2510 profectus,
467 2449 627 2500 Celtibericum
638 2451 714 2497 subeo
724 2451 807 2496 bellum
816 2463 853 2512 ge·

187 2528 248 2566 rens,
263 2519 382 2573 postquam
393 2516 502 2575 cognovit
516 2531 530 2563 a
544 2516 641 2577 quodam
655 2515 731 2578 gentis
744 2515 811 2584 hujus
817 2515 853 2576 ju·

187 2591 246 2624 vene
261 2591 285 2622 se
302 2576 330 2622 ad
344 2576 494 2626 dimicandum
507 2579 638 2642 provocari3
657 2581 717 2643 (erat
734 2587 810 2626 autem
824 2577 852 2624 illl

183 2641 250 2695 forto,
262 2639 383 2702 prandendi
394 2641 473 2702 gratid,
485 2659 564 2692 mensa
570 2641 655 2707 posita)
664 2641 742 2692 relicti
750 2643 785 2698 el,
793 2655 852 2692 nme
896 2663 901 2672 ν

183 2719 224 2761 sus
234 2711 298 2754 extra
307 2703 390 2766 sallum
402 2705 489 2762 deferri,
501 2723 627 2772 equumque
634 2709 700 2765 educi
710 2707 850 2772 olimjussitr
