1828 2982
172 179 229 226 272.
262 174 340 228 vat.
353 175 492 228 MAXIM!
507 175 563 226 Lm.
580 175 641 227 vn.
658 175 720 229 Cn.
733 181 757 226 3.

168 306 233 369 jecit,
245 313 379 370 terramque,
391 321 533 356 communen
547 307 647 356 omnium
658 315 753 356 matrem
763 306 841 355 existi-

174 386 245 425 mans,
258 375 371 420 osculatus
381 369 423 422 es't.
450 373 518 428 Quod
528 379 574 420 tem
588 372 651 420 vaire
663 373 737 420 telluri
748 373 842 434 impres-

176 451 227 482 sum
235 439 344 492 osculum,
355 438 412 485 Urbi
420 439 550 492 libertatem,
562 437 635 485 Bruto
643 438 740 500 primum
748 437 771 484 in
778 435 846 484 festis

175 501 257 554 bcum,
270 502 353 548 tribuit.

207 563 256 628 (3.)
273 565 347 627 Scipio
358 581 448 643 quoque
462 566 561 646 superior
572 567 700 628 praesidium
712 565 844 642 calliditatis,

175 630 843 756 &littiitialbltlttllttffitmuium

174 772 293 804 numerum
307 760 419 822 complere
435 760 509 813 vellet,
526 773 598 820 neque
615 767 660 806 tam
678 761 751 806 subito
765 765 842 822 posset

896 250 904 298 ⁴1

174 838 213 870 eos
224 824 340 878 instruere,
354 824 414 884 quod
424 825 531 886 temporis
545 825 656 886 angustiae
671 825 790 886 negabant,
807 839 842 871 sa·
903 831 904 834 ’

174 889 272 949 gacitate
282 889 368 935 consilii
378 897 492 936 assecutus
504 896 544 936 est.
564 887 669 949 Namque
679 903 709 934 ex
716 889 842 950 iisjuveui-

172 953 221 1006 buu,
234 969 291 1014 quos
303 969 378 1000 secum
389 969 418 1001 ex
428 953 476 1000 tote
490 951 565 1001 Sicilid
579 954 727 1000 nobilissimos
741 960 765 1000 et
779 952 844 1000 ditis-

174 1017 251 1072 simos,
264 1019 303 1066 sed
313 1019 416 1074 inermes,
428 1019 527 1072 babebat,
540 1025 652 1065 trecentos
666 1017 767 1079 speciosa
780 1033 842 1066 arma

174 1089 198 1130 et
208 1083 291 1130 electos
302 1099 371 1146 equos
379 1099 444 1145 quam
454 1084 567 1130 celerrime
574 1083 677 1144 expedire
682 1081 766 1144 jussit;
779 1083 840 1129 velut

174 1163 214 1195 eos
229 1149 335 1195 continuo
352 1164 428 1195 secum
443 1147 471 1195 ad
488 1149 660 1210 oppugnandam
678 1145 843 1210 Carthaginem·
903 1155 904 1194 l

109 1223 115 1232 ‘
175 1221 301 1260 evecturus.
319 1213 366 1268 Qui
375 1229 425 1260 curn
433 1214 526 1275 imperio
535 1220 560 1260 ut
568 1213 674 1266 celeriter,
683 1211 840 1274 italonginqtd
903 1219 904 1230 ³

174 1283 198 1324 et
204 1279 321 1338 periculosi
328 1279 379 1326 belli
388 1285 489 1340 respectu
498 1277 597 1324 sollicitis
605 1278 691 1330 animis,
701 1277 840 1338 paruissent;
903 1273 904 1298 l

75 1375 78 1381 .
175 1343 288 1389 remittere
307 1359 332 1389 se
349 1343 424 1406 Scipio
438 1343 499 1390 illam
515 1341 685 1404 expeditionem,
704 1342 724 1388 si
739 1357 803 1388 arma
818 1347 840 1388 et

173 1421 243 1466 equos
254 1407 359 1453 militibus
368 1409 413 1454 suis
423 1409 510 1454 tradere
517 1407 647 1460 voluissent,
659 1405 735 1452 edixit.
755 1405 841 1468 Rapuit
860 1461 862 1467 Ι
903 1461 904 1470 p

98 1518 102 1526 s
173 1470 324 1518 conditionem
337 1472 431 1519 imbellis
445 1489 471 1520 ac
484 1471 562 1518 timida
571 1473 686 1534 Juventus,
703 1471 840 1518 instrumen-

173 1541 241 1594 toque
252 1550 292 1580 suo
303 1536 382 1596 cupide
392 1538 474 1584 nostris
485 1537 558 1584 cessit
580 1535 646 1598 Ergo
659 1535 768 1582 calliditas
779 1535 841 1582 ducis
903 1533 904 1568 i

115 1617 118 1625 ¹
172 1597 276 1660 providit,
287 1607 312 1644 ut
319 1601 386 1660 quod,
397 1601 415 1646 si
423 1603 525 1664 protinus
532 1601 682 1662 imperaretur,
692 1616 764 1662 grave
788 1601 838 1652 rius,
903 1633 904 1658 3

173 1663 253 1710 deinde
271 1665 364 1712 remisso
383 1667 469 1714 militiae
487 1673 549 1712 metu
567 1666 689 1712 maximum
707 1666 752 1711 ben
783 1666 841 1712 cium
903 1685 904 1728 3

171 1725 243 1775 fieret.

205 1791 254 1856 (4.)
275 1794 344 1850 Quod
363 1795 461 1856 sequitur
480 1795 613 1842 narrandum
632 1799 673 1842 est.
704 1792 738 1847 Q,
757 1791 840 1841 Fabius
903 1847 904 1856 p

171 1855 256 1914 Labeo,
268 1862 349 1908 arbiter
359 1877 373 1909 a
384 1869 461 1908 senatu
472 1859 549 1907 finium
561 1858 770 1907 constituendorum
783 1859 840 1904 inter

171 1921 274 1972 Nolanos
290 1934 313 1973 et
328 1925 488 1988 Neapolitanos
501 1926 572 1980 datus,
585 1940 638 1971 cum
646 1924 670 1969 in
681 1939 729 1970 rem
739 1937 840 1984 prasen-

171 1993 218 2035 lem
229 1991 452 2052 venisset,utrosque
468 1991 584 2052 separatim
599 1989 693 2042 monuit,
710 1995 743 2041 ut,
756 1983 842 2034 omissi

170 2053 297 2114 eupiditate,
309 2056 395 2118 regredi
407 2055 474 2102 modo
487 2062 639 2108 controuerso,
652 2068 718 2114 quam
732 2051 839 2114 progredi

130 2117 138 2122 ’
171 2118 270 2168 mallent.
287 2117 359 2181 quue
369 2135 420 2167 cum
429 2127 522 2181 utreque
529 2135 580 2182 pars
587 2119 719 2168 auctoritate
726 2117 770 2164 viri
778 2123 839 2163 motu

170 2181 267 2240 fecisset,
279 2186 414 2246 aliquantum
426 2185 449 2230 in
460 2185 533 2232 medio
546 2184 610 2231 vacui
621 2183 670 2245 agri
680 2182 785 2228 relictum
795 2187 836 2228 est.

173 2244 309 2296 Constitutis
320 2251 399 2298 deiude
409 2249 489 2297 finibus
497 2257 523 2296 ut
531 2249 573 2311 ipsi
584 2249 764 2298 tenninaverant,
774 2245 840 2306 quid·

172 2312 225 2370 quid
244 2315 321 2375 reliqui
341 2315 382 2361 soli
400 2313 450 2369 fuit,
470 2313 553 2377 populo
572 2313 677 2360 Romano
694 2309 836 2374 adJudiesvit.
903 2353 904 2374 ζ

173 2371 296 2430 Caeterum,
320 2379 362 2425 etsi
381 2379 527 2426 circumventi
546 2377 631 2426 Nolani
649 2393 675 2424 ae
692 2373 839 2436 Neapolitani
898 2381 904 2426 t

170 2439 232 2494 queri
243 2441 297 2487 nihil
307 2449 435 2503 potuerunt,
448 2443 570 2490 secundum
584 2442 683 2504 ipsorum
698 2440 838 2486 demonstia-
903 2489 904 2500 p

170 2497 255 2546 tionem
266 2503 324 2552 dicct
334 2505 574 2570 sententimjmprobo
585 2514 660 2554 temen
670 2503 838 2567 prestigium
903 2537 904 2544 ι

133 2583 139 2589 “
171 2575 345 2620 ueteranorum
354 2571 743 2634 ciuitatinostraevectigulaccessit·
762 2567 837 2614 Eum·
903 2565 904 2576 ¹

170 2621 220 2669 dem
230 2625 312 2686 serunt,
324 2647 376 2680 cum
387 2649 401 2682 ι
411 2651 465 2699 rege
473 2637 595 2692 Antiocho,
605 2651 672 2698 quem
679 2633 738 2683 bello
746 2645 837 2696 supen-
