1828 2982
189 105 269 156 VAL·
283 103 421 154 Maxim
438 104 491 154 Lra.
501 107 561 178 Vll.
580 108 641 159 Car.
651 115 675 161 2.
721 117 775 162 265.

116 236 210 291 Quem
221 235 301 286 deinde
315 251 340 282 se
352 235 474 297 prudenter
483 237 507 284 ln
519 254 572 302 rege
583 239 705 289 Masinissd
715 257 768 304 ges-

76 301 132 350 sit!
155 301 231 354 Nam,
249 317 300 346 cum
312 299 463 362 promtissimi
473 310 496 349 et
506 303 633 352 fidelissimi
643 307 691 368 ejus
702 305 769 368 operi

79 367 207 418 adversus
219 365 415 426 Carthaginienses
426 381 479 412 usus
488 376 558 423 esset,
574 385 670 430 eumque
680 371 702 416 in
714 372 769 418 dila-

81 431 165 478 tando
184 445 257 492 regno
271 429 392 478 avidiorem
407 440 521 490 cemeret3
538 433 611 495 legem
625 435 678 480 ferri
691 436 767 498 jussit,

81 495 137 558 qud
154 495 289 542 Masinissa
300 495 327 540 ab
336 495 429 555 imperio
439 498 515 557 populi
525 497 624 545 Romani
635 500 730 546 solutam
741 501 770 546 li-

82 562 208 608 bertatem
219 560 331 605 tribueret.
361 559 413 614 Quo
424 559 483 607 facto
492 577 542 606 cum
554 564 637 624 optime
648 565 720 610 meriti
728 566 767 611 be·

83 624 250 672 nevelentiern
267 623 364 676 retinuit,
380 631 427 670 turn
443 624 591 679 ,Mauritaniae
606 636 629 673 et
643 629 765 682 Numidiae,

85 696 276 748 caeterarumque
293 688 352 733 illius
364 688 448 734 tractus
466 691 575 750 gentium,
594 707 708 754 nunquam
724 693 768 740 fita

86 767 151 816 pace
163 753 324 813 quiescentem,
335 751 446 798 feritatem
456 769 470 800 a
480 755 551 801 valvis
562 757 608 802 suis
619 759 705 818 repulit.

375 858 489 906 Euterna.

125 949 233 1010 Tempus
252 946 338 994 deliciet
356 947 478 994 domestica
498 955 639 1008 narrantem3
662 951 766 1010 quoniam

89 1015 217 1078 imperium
227 1020 329 1060 nostrum
344 1026 390 1058 non
404 1018 450 1058 tam
465 1013 543 1059 robore
557 1029 683 1075 corporum,
700 1031 766 1076 quam

90 1082 224 1130 animorum
238 1078 324 1139 vigore,
339 1077 501 1122 incrementum
514 1093 542 1123 ac
556 1079 647 1124 tutelam
659 1079 693 1125 sui
704 1095 766 1127 com-

90 1143 222 1208 prehendit.
241 1142 331 1204 Majore
341 1142 415 1202 itaque
426 1155 454 1187 ex
464 1148 527 1203 parte
535 1142 639 1189 Romana
649 1144 765 1205 prudentia

92 1213 118 1258 in
130 1207 278 1256 admiratione
292 1203 359 1253 tacita
370 1213 495 1268 reponatur,
511 1207 685 1270 alienigenisque
699 1209 765 1271 hujus
782 1233 784 1244 =

92 1274 186 1340 generis
197 1271 304 1333 enemplis
315 1271 380 1316 detur
390 1271 469 1318 aditus.

125 1336 179 1403 (t.)
198 1337 309 1390 Socrates,
326 1337 429 1382 humanae
446 1335 559 1398 sapientie
575 1338 637 1398 quasi
652 1339 763 1400 quoddam

94 1411 203 1454 terrestre
220 1401 341 1454 oraculum,
359 1401 414 1446 nihil
426 1401 484 1448 ultra
493 1403 613 1464 petendum
628 1403 706 1450 aDiis
720 1405 763 1451 im-

95 1468 228 1518 mortalibus
248 1465 399 1519 arbitrabatur,
422 1481 488 1526 quam
506 1475 531 1514 ut
548 1468 607 1514 bona
626 1469 763 1528 tribuerent;

96 1535 149 1597 quia
159 1533 174 1579 ii
182 1533 272 1579 demum
283 1531 365 1576 scirent
373 1531 425 1591 quid
436 1533 555 1593 unicuique
564 1541 624 1580 esset
635 1535 702 1581 utile:
721 1549 764 1581 nos

96 1607 172 1647 autem
191 1597 320 1659 plerumque
338 1595 362 1641 id
377 1596 436 1642 votis
450 1605 561 1658 expetere,
579 1599 639 1658 quod
654 1613 703 1645 non
719 1599 763 1645 im-

94 1661 194 1728 petrdsse
210 1661 289 1708 melius
300 1659 365 1706 foret.
394 1659 494 1715 Etenim,
512 1663 648 1709 densissimis
666 1664 763 1711 tenebris

96 1729 196 1776 involuta
211 1726 338 1772 mortalium
353 1739 423 1778 mens,
441 1725 465 1769 in
481 1741 548 1786 quam
558 1727 603 1772 late
613 1735 714 1788 patentes
725 1743 761 1775 er·

97 1809 159 1842 rores
175 1806 246 1838 caecas
264 1789 403 1852 precationes
422 1796 472 1834 tuas
489 1790 588 1851 spargis!
607 1789 706 1838 Divitias
722 1807 761 1854 ap·

97 1859 162 1923 petis,
171 1872 220 1918 quae
230 1855 307 1902 multis
312 1853 384 1900 exitio
390 1852 495 1900 fuerunt:
509 1855 605 1900 honores
614 1857 760 1917 concupiscis,

96 1925 137 1986 qui
155 1921 277 1983 complures
295 1917 506 1981 pessumdederunt:
526 1933 597 1981 regna
609 1925 692 1976 *tecum
714 1921 762 1982 ipsa

99 1987 176 2041 volvis,
191 2000 286 2048 quorum
303 1984 377 2030 exitus
394 1998 547 2044 saepenumero
562 1983 697 2030 miserabiles
713 2000 761 2032 cer·

99 2059 193 2102 nuntur:
205 2049 323 2112 splendidis
331 2048 441 2110 conjugiis
450 2049 522 2112 injicis
532 2063 627 2105 manus;
636 2055 661 2094 at
667 2049 724 2103 baec,
737 2056 763 2096 ut

100 2115 211 2178 aliquamo
224 2115 343 2167 illustrant,
359 2114 390 2160 ita
402 2128 562 2174 nonnunquam
571 2111 672 2159 funditus
682 2113 761 2160 domos

101 2188 206 2232 evertunt.
225 2179 313 2226 Desine
322 2179 399 2240 igitur,
412 2179 486 2233 stulta,
498 2178 580 2226 futuris
590 2178 699 2224 malorum
710 2185 762 2228 tuo-

102 2263 150 2296 rum
164 2245 241 2300 causis,
258 2244 320 2305 quasi
335 2243 468 2290 felicissimis
487 2245 559 2298 rebus,
576 2242 676 2300 inbiare;
695 2249 762 2304 teque

98 2321 167 2362 ‚totam
178 2310 302 2374 coelestipm
313 2308 403 2354 arbitrio
417 2309 535 2370 permitte;
547 2308 605 2370 quia,
618 2308 656 2370 qui
668 2308 764 2354 tribuere

102 2382 158 2427 bons
166 2391 193 2423 ex
202 2374 261 2422 taciti
270 2374 349 2426 solent,
362 2373 428 2420 etiam
439 2374 523 2435 eligere
534 2373 648 2435 aptissime
657 2379 759 2435 possunt.

134 2441 192 2490 Idem
205 2436 308 2502 expediti
322 2446 345 2484 et
357 2436 521 2500 compendiarii
531 2437 568 2485 vid
578 2453 617 2484 eos
628 2438 656 2484 ad
666 2437 762 2500 gloriam

102 2505 209 2574 pervenire
215 2504 308 2558 dicebat,
320 2503 357 2564 qui
368 2502 391 2548 id
401 2511 501 2565 agerent,
514 2511 546 2556 ut,
555 2503 630 2564 quales
639 2502 708 2550 videri
716 2503 764 2549 vel-

95 2578 153 2627 ·lent,
170 2569 305 2618 mesenam
321 2577 404 2616 essent.
432 2565 483 2620 Qut
501 2568 590 2628 quidem
607 2565 764 2629 praedicatione

104 2645 171 2702 aperte
187 2635 295 2698 monebat,
310 2643 340 2690 ⁴ut
357 2632 459 2680 homines
479 2633 548 2694 ipsam
567 2633 640 2696 potius
659 2633 764 2699 virtutem
