1842 2992
185 172 218 218 nt
292 165 738 220 vunntnxtnutnunmm.
814 169 817 182 ¹

182 288 329 353 protinusque
341 289 601 344 indedisoedsrevoiuit.
630 290 792 347 lummene
807 307 850 342 suo

184 360 247 430 metu
261 355 310 430 ejus
323 353 429 430 discusso,
446 369 537 404 ouusom
550 356 611 404 eutitii
627 358 708 406 misero
719 357 852 434 ottulerunt.

183 417 852 556 tunmnumtttuutfflt

185 546 261 610 gludro
272 546 375 594 Aterium
386 547 504 594 interemit.

276 680 279 688 ·
460 651 575 700 Estemo.

217 734 267 801 (Ι.)
284 736 417 784 Hannibalis
430 754 525 802 quoque,
542 747 567 786 ut
578 739 730 790 detesmdum
740 739 850 790 Rommo

185 801 295 863 sanguini,
313 803 344 850 ita
354 810 423 850 certae
431 804 580 866 praedictionis
591 805 709 858 somnium,
726 806 790 868 cujus
802 821 850 854 nou

185 866 269 930 vigilie
280 874 373 920 tuntum,
392 869 431 915 ssd
447 869 514 916 etism
527 869 575 930 ipso
584 868 647 929 quies
657 869 743 916 hostilis
753 869 849 932 imperio

185 938 264 978 nostro
273 930 322 978 suit.
353 931 437 980 Housit
444 933 503 979 enim
511 933 624 994 proposito
633 940 655 980 et
666 934 724 980 votis
735 934 782 982 suis
792 950 850 982 ooo·

184 995 311 1043 venientem
321 996 455 1058 imaginem
472 997 655 1058 existimavitque,
668 998 759 1046 missum
770 999 812 1046 sibi
821 1000 849 1046 ub

183 1059 244 1110 Jove
254 1061 342 1108 mortuli
352 1061 424 1123 speeie
434 1061 578 1108 excelsiorem
585 1063 698 1124 Juvenem,
714 1062 848 1112 inuadendae

185 1123 258 1172 Ituiiae
268 1125 361 1184 duoem3
373 1127 435 1187 oujus
446 1127 532 1174 monitu
542 1127 614 1188 primo
625 1126 718 1188 vestigio
729 1125 812 1174 nullom
824 1128 847 1174 in

183 1198 269 1254 purtem
288 1191 355 1238 motis
374 1197 463 1238 secutus
481 1190 565 1246 oculis;
582 1205 635 1236 mox
653 1191 742 1238 humuni
761 1191 847 1253 ingenii

156 1275 159 1288 ·
182 1252 254 1317 proni
264 1255 379 1302 voluntate
392 1255 461 1302 uetito
471 1254 582 1302 sorutnndi
592 1269 650 1316 pone
660 1255 784 1316 respiciens,
797 1257 847 1304 sni-

183 1318 302 1366 msduertit
317 1318 433 1366 immensae
447 1319 604 1380 magnitudinis
620 1327 750 1380 serpentem.
768 1321 846 1368 oonoi·

184 1388 232 1430 toto
242 1383 333 1443 impetu,
344 1397 417 1436 omne,
428 1383 534 1443 quidquid
543 1383 632 1430 obvium
640 1383 718 1438 fueret,
730 1391 846 1446 proteren-

183 1452 245 1504 tem;
262 1453 357 1508 postque
368 1461 423 1500 enm,
435 1461 518 1508 magno
532 1462 583 1494 oum
598 1447 649 1496 coeli
662 1447 757 1510 fragore,-
769 1463 845 1504 erum·

182 1517 261 1572 pentes
276 1510 369 1564 nimbos,
385 1509 501 1572 luemque
511 1511 636 1573 caliginosis
647 1511 769 1562 involutam
781 1519 844 1562 tmo-

182 1573 237 1621 bris.
262 1574 380 1620 Attonitus
396 1574 481 1628 deinde,
500 1575 603 1636 quidnam
622 1577 799 1630 essetmonstri,
820 1584 844 1626 ot

182 1636 237 1697 quid
252 1637 399 1698 portenderet,
417 1638 569 1701 interrogovit.
602 1636 651 1686 llio
667 1641 726 1688 duxt
747 1640 843 1692 “leuto

182 1699 271 1754 vides,”
288 1701 365 1760 iuquit,
384 1708 400 1731 ⁴⁶
409 1703 548 1751 vestitatem:
561 1703 653 1766 proinde
662 1705 716 1764 silet
729 1711 753 1756 et
762 1713 842 1756 meten

182 1765 256 1812 tooitis
266 1765 369 1826 permitte
378 1765 456 1814 fotis·”

215 1825 264 1894 (2.)
282 1828 357 1884 Quom
370 1830 427 1880 bene
440 1827 582 1878 Macedoniae
595 1847 635 1880 rex
652 1833 785 1889 stando,
801 1849 841 1897 pff

181 1893 280 1956 quietem
291 1892 339 1942 vind
349 1895 452 1958 imagine,
469 1897 614 1958 premonitus
624 1905 678 1952 erut,
696 1905 721 1946 ut
731 1899 784 1946 vite
793 1914 841 1948 suta

181 1966 258 2008 oustos
267 1967 326 2010 meet
336 1959 469 2022 diligentior,
484 1959 501 2006 si
513 1975 563 2008 eum
575 1963 666 2008 essendi
676 1963 742 2010 etium
751 1963 840 2024 periculi

182 2025 275 2074 oonsilio
286 2023 387 2074 Portum
401 2025 510 2073 instruere
524 2025 643 2074 voluisset!
669 2025 773 2088 quue
784 2025 839 2076 Cos-

179 2089 254 2138 sundri
261 2088 388 2150 pestiferum
396 2089 436 2136 sibi
444 2088 557 2137 dexterum
565 2090 837 2152 somniopriusoognovit,

180 2169 247 2214 quum
257 2153 319 2200 exitu
329 2153 405 2200 sensit.
435 2151 579 2200 Existimavit
592 2154 659 2207 enim,
673 2155 700 2200 ob
713 2154 752 2201 iilo
767 2171 792 2202 se
805 2157 839 2204 in-

178 2216 256 2270 terfici,
266 2231 496 2276 oumeumnunqusm
503 2216 601 2264 vidisset.
620 2216 754 2278 interposito
762 2219 839 2269 deiude

178 2287 286 2341 tempore,
302 2289 418 2341 postquem
433 2279 609 2342 inconspectum
621 2283 724 2336 venisset.
737 2286 839 2334 nocturni

178 2343 253 2392 metus
271 2342 380 2404 putefuoti
397 2344 501 2406 imagine,
524 2351 549 2392 ut
571 2344 683 2408 Antipstri
704 2346 773 2395 tilium
789 2365 838 2400 esse

177 2406 291 2469 cognorit,
300 2407 386 2470 odjeoto
397 2423 462 2454 versu
469 2408 559 2464 Graeoo,
576 2410 614 2471 qui
622 2409 689 2458 iidem
697 2413 832 2462 somniorum

177 2471 258 2526 elevat,
274 2471 390 2534 praepsrnti
399 2473 448 2534 jum
461 2473 566 2522 adversus
576 2483 643 2537 ouput
653 2491 718 2524 suum
729 2477 835 2535 veneficii,

177 2551 222 2612 qun
238 2535 343 2648 oooidphse
358 2533 476 2586 Cussuodri
491 2553 560 2590 noenu
575 2541 678 2596 creditur,
690 2542 834 2606 suspicionem

177 2615 273 2648 onrmor
332 2608 348 2648 t.

206 2662 256 2730 (8.)
273 2615 354 2734 llum
372 2666 522 2734 indulgentius
533 2668 574 2720 Dii
590 2668 612 2720 in
629 2668 696 2733 potu
713 2667 831 2730 Simonide,
