1820 2982
171 176 250 230 VAL.
261 177 399 228 Maxnul
415 178 468 230 Ln.
480 177 515 228 11.
532 177 593 230 Caa.
605 175 645 228 ln'
658 177 661 182 '
679 186 683 193 '
712 183 750 230 85'

71 317 97 358 et
107 307 154 358 Cn
164 307 270 357 Domitio
280 309 408 358 ccnaontua
418 317 497 359 acuatu
504 317 580 360 mutua
590 316 656 365 canet,
665 308 751 373 poitca·

72 389 156 422 conor
164 373 238 421 iactua
248 381 290 420 eat.

107 438 169 486 Itan
180 439 217 486 M.
227 438 331 486 Vulcn'ua
342 439 448 493 Mcaaala,
461 437 562 486 censorii
572 437 626 487 notri
637 439 743 502 peratric-

72 512 119 558 tus,
131 502 233 550 oenaorid
242 504 386 564 postmodum
401 511 511 566 potestate
521 505 644 567 imperavit.
676 504 742 558 Quo-

72 585 125 616 rum
135 568 260 630 ignominia
268 569 375 615 virtutem
385 569 459 615 acuit:
477 571 558 617 rubore
572 571 632 616 enim
643 570 691 632 ejus
701 584 742 614 ex-

71 634 144 686 citati,
162 633 264 678 omnibus
278 633 361 679 viribus
377 633 529 688 incubuerunt,
548 642 574 681 ut
585 635 646 697 digni
658 634 743 680 civibus

72 699 210 752 viderentur,
222 697 301 760 quibua
310 697 357 744 dari
364 698 439 760 potius
449 713 515 760 quam
526 701 591 763 objici
599 713 693 746 censura
703 698 741 744 de-

248 953 309 1004 car.
320 954 425 1004 X.-De
435 955 567 1022 Majeatnte.

325 1087 495 1133 Romncrntm.

77 1217 100 1260 1.
114 1213 151 1268 Q„
166 1210 256 1259 Metelli
275 1211 393 1259 Numidici
424 1215 451 1260 5.
465 1212 492 1260 P.
501 1211 582 1259 Rutilii
592 1211 675 1258 exsulis
683 1211 741 1274 apud

173 1277 231 1338 apud
238 1277 332 1340 judicet·
521 1277 584 1324 Aaiae
595 1277 703 1323 civitates.

73 1347 98 1391 2
115 1341 145 1390 P.
170 1341 272 1388 Africani
302 1341 393 1404 majoris
423 1347 448 1390 6.
467 1340 496 1391 C.
522 1342 592 1389 Marii
624 1341 741 1403 proscripti
837 1360 843 1370 .

171 1407 231 1468 apud
255 1407 392 1452 Antiochum
518 1407 579 1469 apud
594 1406 745 1454 Minturnen··

172 1485 249 1532 regem
262 1477 285 1518 et
295 1478 391 1518 externa
518 1487 562 1519 aca-

71 1541 98 1584 8.
114 1534 145 1582 L.
156 1535 244 1582 AEmilii
256 1535 321 1582 Pauli
333 1536 392 1598 apud
423 1538 446 1585 7.
460 1536 498 1585 Μ.
509 1535 604 1586 Catonia
623 1535 740 1584 Uticensis

171 1599 318 1647 Maccdonas.
517 1603 577 1664 apud
587 1608 697 1648 senatum.

68 1670 96 1714 4.
112 1663 143 1713 P.
170 1663 272 1711 Africani
298 1665 391 1712 minoris
422 1669 445 1714 8.
461 1665 571 1730 Ejuadem
590 1666 649 1728 apud
666 1681 739 1728 popu·

168 1729 228 1841 :puld
243 1729 389 1778 Masinissam
517 1732 564 1778 lum
575 1730 714 1778 Romanum.

224 1809 295 1842 oeuoa.

318 1903 485 1952 turrenorum.

67 1994 90 2038 l.
108 1965 230 2036 Harmodii
252 1995 276 2037 et
297 1988 388 2037 Aristo-
421 1995 444 2037 2.
454 1987 591 2036 Xenocratis
599 1988 658 2050 apud
666 1987 738 2034 Athe-

165 2053 250 2115 gitonia
261 2055 319 2117 apud
328 2055 388 2104 Xer·
517 2053 613 2100 nienaea.

165 2132 308 2182 mnrcgcm.

99 2245 148 2296 Est
158 2253 182 2294 ct
191 2247 230 2294 ilia
239 2248 302 2309 quasi
312 2249 398 2312 privata
408 2264 502 2297 censura
512 2248 616 2310 majestaa
627 2247 737 2295 clarorum

64 2314 169 2361 virorum
184 2312 233 2359 aine
247 2314 388 2360 tribunalium
405 2314 504 2376 fastigio,
525 2315 573 2361 aine
587 2313 737 2376 apparitorum

64 2377 200 2431 ministerio,
222 2385 302 2440 potent
322 2379 346 2424 in
373 2377 413 2426 aud
439 2379 584 2442 amplitudine
610 2375 737 2426 obtinendi.

65 2443 144 2490 Grato
154 2443 214 2489 eninr
225 2451 249 2490 et
255 2444 357 2506 Jucundo
367 2443 460 2492 introitu
471 2444 551 2491 animia
561 2444 677 2494 homiuum
688 2442 737 2488 illa-

64 2507 134 2561 bitur,
150 2507 300 2556 admirationis
310 2508 421 2571 praetextd
431 2510 519 2568 relata;
537 2524 603 2569 quam
615 2517 676 2556 recte
686 2505 738 2567 quia
824 2554 829 2564 ,

65 2571 151 2618 dixerit
160 2572 254 2634 longum
265 2581 289 2620 ct
298 2575 388 2620 boatum
399 2575 506 2622 honorem
522 2589 572 2620 eane
582 2575 631 2620 rinc
641 2575 734 2619 horrore.

98 2633 147 2698 (1.)
164 2635 225 2683 Nam
236 2638 289 2698 quid
298 2639 349 2700 plua
363 2638 454 2685 honoria
471 2639 537 2685 tribui
553 2640 626 2700 potuit
640 2634 735 2686 consuli,

63 2708 181 2763 ww
191 2701 267 2750 dnturn
278 2719 316 2752 reo
328 2703 442 2752 Metello?
459 2705 496 2765 qui
508 2719 559 2752 cum
570 2716 660 2750 caucam
671 2712 737 2758 repe·
