1828 2982
179 177 229 222 284
277 169 356 232 VAL.
369 169 508 222 ΜΔΧΙΜΙ
526 171 579 220 Ln-
591 171 638 220 VL'
655 171 714 222 Cae.
725 173 751 222 5.

178 309 308 351 verterunt:
328 303 417 362 lateque
427 309 506 364 pateus
517 302 627 363 opprobrii
638 301 767 351 deformitas
782 317 850 353 sere·

178 368 243 415 ritate
253 367 354 430 supplicii
365 367 482 414 emendata
491 372 540 413 estz
559 367 617 426 quio,
636 375 745 428 qtrantum
760 371 848 417 ruboris

178 433 263 479 civitati
274 440 358 478 nostrae
368 431 473 478 mulieres
489 431 582 492 turpiter
599 446 624 477 se
637 433 737 493 gerendo
747 433 849 482 incusse-

179 504 236 548 rant,
248 499 335 543 tantum
346 496 418 542 laudis
426 495 525 558 graviter
534 495 618 557 punitae
629 497 760 544 attulerunt.

213 557 262 624 (8.)
280 559 381 607 Publicia
399 569 482 614 autem,
503 575 555 621 quae
575 559 715 607 Postumium
739 563 847 610 Albinum

180 625 296 676 consfflem
303 641 311 683 ;
323 625 377 671 itan
389 623 484 678 Licinia,
496 639 548 684 quse
560 623 678 672 Claudium
690 626 802 680 Asellum.
814 628 847 674 vi-

180 705 217 736 ros
229 705 288 743 suos,
308 703 395 737 veneno
413 695 554 749 necaverant,
573 690 747 752 propinquorum
759 692 847 739 decreto

180 755 326 816 suanguintae
344 761 420 802 aunt«
432 753 486 800 Non
497 754 557 800 enim
568 761 703 816 putaverunt
714 757 845 804 severissimi

179 819 229 872 viri,
241 820 266 865 in
276 827 323 866 tnm
333 819 431 867 evidenti
442 818 524 865 scelere
531 819 626 880 longum
636 819 730 880 publicae
741 821 846 882 quaestio·

180 885 216 930 ni‘s
230 891 319 946 tempus
330 883 511 946 exspectandum.
537 881 624 943 Itaque,
636 899 730 944 quarum
740 886 858 933 innooeu··

180 949 237 995 tium
249 947 377 997 defensores
388 947 490 1001 finissent,
500 947 598 994 sontium
609 949 690 995 maturi
701 949 802 998 vindices
809 965 846 998 ex·

180 1014 293 1062 stiterunt.
435 1037 438 1048 ·

214 1077 264 1142 (9.)
282 1078 371 1141 Magno
382 1077 465 1125 scelere
473 1079 553 1124 horum
562 1078 667 1125 severitas
677 1078 706 1124 ad
715 1079 845 1142 emgendam

181 1143 302 1191 vindictam
314 1144 424 1192 concitata
434 1149 476 1188 est.
495 1142 589 1203 Egnati
598 1151 673 1189 autem
683 1142 774 1190 Metelli
782 1146 847 1206 longe

181 1208 263 1254 minori
274 1209 302 1256 de
313 1206 393 1265 oausi3
411 1208 449 1268 qui
466 1221 567 1259 uxorem,
586 1207 646 1267 quod
661 1207 740 1254 vinum
750 1209 844 1264 bibisset,

180 1271 241 1320 suste
250 1287 378 1336 percussam
389 1271 508 1318 interemit.
528 1270 600 1331 quue
609 1270 692 1318 factum
701 1287 748 1320 non
759 1289 847 1321 nocuae

180 1343 231 1384 tore
239 1345 333 1390 tantum,
346 1337 386 1384 sed
396 1337 463 1383 etism
474 1336 639 1397 reprehensore,
650 1337 736 1394 caruit3
748 1353 846 1400 unoquo·

181 1417 225 1462 que
239 1402 388 1454 existimante.
407 1401 492 1462 optimo
510 1400 569 1446 illum
585 1401 688 1463 exemplo
705 1403 797 1450 violata
813 1419 845 1450 so-
896 1451 897 1467 p

180 1466 280 1512 brietatis
290 1479 369 1527 poenas
379 1465 517 1526 pependisse
540 1464 573 1512 Et
590 1479 643 1512 osne
658 1467 846 1528 quecumquers

181 1530 243 1576 mins
252 1530 299 1576 vini
310 1544 376 1575 usum
387 1530 533 1576 immoderate
547 1530 637 1590 appetit,
655 1531 760 1578 omnibus
771 1540 795 1580 et
804 1533 845 1580 vir·

181 1594 266 1640 tutibus
272 1595 365 1656 januam
377 1593 466 1647 claudit,
479 1602 502 1640 et
512 1593 597 1640 delictis
607 1594 684 1655 aperit.
895 1643 896 1651 p

215 1655 278 1721 (10.)
297 1656 422 1704 Horridum
435 1656 463 1706 C.
474 1673 564 1720 quoque
574 1658 665 1720 Sulpicii
677 1659 739 1707 Galli
750 1663 845 1710 maritale

182 1723 331 1785 supercilium.
351 1722 412 1770 Nam
424 1737 517 1770 uxorem
534 1721 624 1778 dimisit,
643 1723 703 1784 quod
717 1741 768 1772 eam
780 1729 845 1790 cupite

182 1797 260 1851 aperto
270 1783 324 1835 io‘ris
335 1795 446 1836 versutum
455 1795 614 1850 coguoverst3
631 1786 716 1836 abscisi
731 1791 842 1844 sententii.
894 1817 895 1833 r

183 1854 223 1905 sed
233 1861 308 1901 tamen
319 1852 393 1914 aliqud
405 1853 491 1900 ratione
504 1849 598 1900 muniti.
618 1852 694 1900 “Lex
710 1855 799 1910 enim,”
814 1857 844 1902 in·
893 1891 894 1916 5

183 1919 239 1980 quit,
258 1919 322 1966 “tibi
333 1933 396 1966 meos
407 1925 494 1966 turtum
505 1916 601 1979 praeiinit
611 1917 697 1971 oculos,
713 1920 795 1980 quibus
803 1920 844 1968 sor·
893 1931 894 2017 p

183 1999 243 2031 mam
254 1991 316 2031 tunm
327 1984 442 2045 approb'es'.
469 1981 515 2029 His
529 1981 615 2028 decoris
630 1983 778 2032 instrumenta
788 1999 843 2032 com·

164 2075 167 2082 ·
183 2064 252 2111 para:
270 2049 306 2096 his
316 2057 365 2095 esto
376 2047 489 2108 speciosa:
503 2048 583 2093 horum
599 2053 623 2093 te
633 2047 722 2094 certiori
733 2044 798 2097 crede
807 2065 843 2096 no·

182 2114 246 2160 titiae.
267 2113 369 2160 Ulterior
379 2113 411 2158 tui
422 2118 562 2173 conspectus,
579 2110 716 2173 supervacui
729 2113 843 2162 irritatione
891 2137 893 2201 p

183 2177 309 2232 sroosdtus,
327 2177 351 2224 in
368 2177 493 2239 suspicione
511 2183 534 2226 et
551 2176 643 2222 crimine
659 2177 744 2224 haereat
761 2193 843 2227 nesure

183 2251 240 2371 atil
248 2305 282 2366 l.)
300 2303 351 2355 Neo
361 2307 426 2355 aliter
436 2307 507 2356 sensit
522 2306 553 2362 Q„
569 2303 682 2356 Antistius
693 2306 774 2363 Vetus,
786 2325 842 2372 repu-

183 2371 264 2417 diendo
275 2386 376 2426 uxorem,
395 2374 455 2433 quod
471 2373 531 2419 illarn
548 2371 571 2418 in
588 2371 676 2434 publico
691 2386 743 2418 cum
756 2371 841 2434 quidm
890 2401 891 2410 κ

181 2432 283 2480 libertini
294 2436 381 2496 vulgari
392 2443 479 2484 secreto
493 2437 621 2496 loquentem
633 2436 724 2483 viderat.
744 2436 809 2491 Nam,
820 2445 840 2484 ut

182 2495 213 2541 ita
223 2495 303 2549 dicam,
315 2498 453 2548 incunabulis
463 2507 487 2547 et
497 2500 639 2548 nutrimentir
650 2501 729 2562 culpat
742 2515 787 2553 non
800 2499 839 2564 ipsi

182 2565 309 2604 commotus
319 2559 390 2622 culpi,
403 2563 528 2612 citeriorem
539 2563 621 2612 delicto
631 2565 726 2626 praebuit
734 2566 837 2617 ultionem

182 2627 207 2665 ut
218 2621 292 2680 potius
303 2633 392 2670 careret
402 2626 513 2688 injrrriam,
526 2643 593 2689 quam
605 2629 734 2676 vindicaret.

214 2681 279 2745 (12.)
296 2683 431 2747 Jungendus
450 2697 485 2736 est
503 2693 537 2738 his
553 2691 580 2739 P.
597 2693 742 2756 Sempronius
753 2695 836 2758 Sophus
889 2665 890 2751 i
