1870 2990
177 137 228 186 290
275 131 354 182 vsi.
364 129 502 182 mamni
515 129 572 180 In.
581 129 641 180 vit
656 128 716 182 cn.
728 133 765 180 τί

174 261 276 327 compar
288 261 371 328 Msgni
381 261 501 317 amum,
514 260 562 325 tp„
572 259 660 322 qnam
673 257 782 322 pompeo
794 259 846 324 eg.
905 233 915 258 ‘

142 341 146 350 ⁵
174 333 259 383 natore,
269 328 341 376 haeres
350 327 444 390 scriptus
451 334 517 374 esset
537 323 616 387 ltaque
626 325 677 386 plus
687 324 718 370 illi
726 325 848 388 injudicio¹

169 407 223 438 cum
239 391 419 440 excellentissimi
435 392 477 440 viri
512 389 573 445 retii,
592 405 658 451 quam
674 404 725 436 cum
740 391 843 452 parentis

173 455 290 511 cineribus,
308 457 394 518 negotii
409 455 459 503 fuit.
489 407 611 508 detersas,
628 454 730 516 quamvis
747 462 846 516 utraque

111 521 116 530 '
170 521 220 568 baec
236 521 342 568 adversus
358 536 410 568 eum
427 521 560 574 nitebantur,
578 526 655 578 tamen
672 525 766 580 paterna
780 519 843 566 bona

170 585 272 632 obtinuit.
300 583 361 632 Nam
376 584 406 632 L.
415 585 504 646 quidem
518 583 625 632 Sextilius
639 589 662 630 et
677 581 841 646 2120me

169 665 226 711 quos
237 647 274 696 Μ.
288 649 392 696 Anneius
400 651 509 714 sanguine
520 650 560 696 sibi
570 649 708 709 conjunctos,
720 645 800 694 esidem
811 663 842 695 ex

170 719 240 776 parte,
258 711 304 774 qut
320 712 456 768 Tullianum,
477 714 577 762 baeredes
590 711 680 765 iecerat,
698 719 842 760 sacramento

170 794 222 824 curn
233 778 399 826 adolescentulo
409 779 544 826 contendere
554 777 601 824 ausi
611 791 657 822 non
668 783 735 833 sunt;
749 778 841 824 tametsi

170 843 288 905 praecipuis
302 859 330 892 eo
345 850 445 920 temppre
458 843 541 908 Magni
556 841 638 889 viribus
650 841 678 887 sd
688 839 841 888 defendendas

169 908 255 955 tabulas
265 909 393 958 testamenti
403 907 492 954 invitari
502 913 611 968 poterant.
631 905 665 952 Et
675 905 841 966 aliquantulum

168 972 286 1036 adJuvabat
304 973 411 1027 haeredes,
429 973 489 1033 quod
505 971 542 1018 M.
561 970 663 1018 Anneius
681 969 705 1015 in
724 969 840 1017 Sufenatis

168 1035 274 1085 familiam
290 1053 316 1085 ac
331 1053 393 1085 sacra
407 1036 531 1084 transierat
559 1035 604 1084 Sed
619 1034 769 1082 arctissimum
780 1035 840 1082 inter

168 1101 271 1149 homines
285 1101 444 1164 procreationis
458 1101 581 1154 vinculum,
595 1099 665 1162 patris
679 1099 747 1145 simul
758 1097 838 1146 volun-

169 1171 238 1213 tatem
249 1173 272 1214 et
282 1167 387 1230 principis
397 1166 439 1212 viri
449 1165 602 1212 auctoritatem
614 1163 733 1225 superavit.

201 1228 252 1295 (8.)
269 1229 298 1280 C.
312 1239 386 1278 autem
396 1229 506 1284 Tettium,
518 1229 625 1277 infantem
639 1234 726 1290 epatre
735 1228 838 1275 exhaere-

167 1295 252 1351 datum,
263 1295 369 1344 Petronii
377 1303 454 1350 matre,
467 1309 533 1356 quam
544 1294 641 1348 Tettius,
653 1293 726 1354 quoad
736 1293 802 1348 vixit,
814 1293 836 1339 in

168 1361 310 1408 matrimonio
318 1361 430 1415 babuerat,
440 1367 525 1413 natum,
535 1357 612 1406 Divus
620 1357 739 1420 Augustus
746 1357 772 1403 in
780 1359 838 1405 bona

167 1431 260 1486 paterna
277 1427 310 1472 ire
326 1425 416 1472 decreto
433 1441 475 1471 suo
487 1424 569 1488 jussit;
586 1423 654 1486 patris
669 1422 747 1484 patriae
762 1423 838 1470 animo

167 1485 835 1618 nitriensiumterminarat&

201 1614 250 1680 (4.)
268 1615 365 1680 Septicia
378 1633 474 1680 quoque,
489 1625 560 1666 mater
573 1617 735 1665 Trachalorum
750 1615 838 1664 Arimi·

168 1680 277 1736 nentium,
289 1681 341 1729 liliis
351 1682 413 1739 irata.
429 1684 453 1730 in
463 1683 620 1732 contumeliam
631 1696 716 1735 eorum,
728 1682 837 1744 oumjsnr

166 1761 244 1810 parere
261 1761 307 1794 non
325 1755 409 1810 posset,
427 1747 529 1798 Publicio
546 1747 593 1797 seni
612 1746 731 1794 admodum
750 1747 834 1808 nupsit,

167 1817 302 1859 eramento
309 1813 376 1860 etiam
387 1820 483 1874 utroque
492 1813 613 1876 praeterito.
639 1811 662 1860 A
673 1811 753 1872 quibus
763 1812 836 1858 aditus

167 1875 244 1925 Divus
260 1877 387 1940 Augustus,
403 1885 426 1924 et
440 1877 529 1941 nuptias
543 1877 642 1924 mulieris
652 1883 676 1922 et
686 1877 835 1938 supremaju·

166 1941 224 1989 dicia
238 1943 377 2006 improbavit.
407 1941 469 1990 Nam
482 1942 633 1990 haereditaten
644 1947 767 1988 maternam
778 1939 835 1986 lilios

165 2007 247 2054 habere
253 2009 335 2070 J‘ussit:
349 2008 432 2062 dotem,
442 2006 493 2068 quia
503 2021 549 2053 non
560 2006 705 2054 creandorum
715 2003 834 2052 liberorum

165 2070 233 2118 causi
246 2072 377 2135 conjugium
387 2073 549 2125 intercesserat,
561 2071 634 2117 virum
646 2069 742 2118 retinere
752 2070 831 2116 vetuit·

166 2136 191 2184 sl
199 2136 248 2200 ipsa
255 2138 348 2198 aequitas
355 2138 397 2184 hac
407 2137 436 2183 de
447 2151 471 2182 re
481 2143 634 2199 cognosceret,
643 2140 748 2197 possetne
751 2133 833 2196 justius
911 2145 914 2164 ⁴=

165 2207 205 2248 aut
223 2203 315 2264 gravius
334 2199 494 2264 pronuntiare?
522 2200 621 2262 Spemis,
643 2214 701 2260 quos
719 2197 830 2260 genuisti:

165 2266 230 2312 nubis
241 2265 319 2313 effetas
333 2266 460 2313 testamenti
472 2265 572 2312 ordinem
583 2265 682 2312 violento
693 2261 768 2308 animo
779 2277 832 2309 eon-

163 2329 254 2386 fundis3
271 2345 344 2390 neque
358 2330 469 2378 erubescis
483 2330 504 2376 ei
518 2337 591 2376 totum
604 2327 763 2390 patrimonium
774 2327 832 2373 addi-

164 2407 222 2446 cere,
232 2394 296 2454 cujus
303 2394 410 2456 pollincto
413 2396 462 2456 jam
470 2395 557 2456 corpori
565 2393 685 2442 marcidam
696 2398 831 2439 senectutem

93 2483 96 2486 -
165 2461 226 2500 tuam
236 2457 388 2505 substravisti!
406 2458 479 2520 Ergo,
492 2459 545 2505 dum
557 2458 588 2504 sic
600 2466 624 2505 te
633 2456 701 2521 geris,
713 2455 742 2503 sd
753 2453 831 2505 inseror

165 2531 235 2576 usque
246 2518 331 2564 coelesti
342 2521 435 2569 fulmine
446 2522 520 2570 afflata
530 2538 562 2569 es.
829 2531 831 2541 ’

196 2577 245 2652 (5·)
262 2579 364 2653 Egregia
379 2601 468 2646 quoque
485 2585 513 2634 C.
529 2585 644 2648 Calpurnii
660 2583 758 2638 Pisonis,
775 2598 830 2646 pre·

163 2647 219 2687 tons
229 2640 304 2697 Urbis.
314 2648 452 2696 constitutio.
472 2649 534 2700 Cum
542 2651 602 2700 enim
610 2649 695 2699 adeum
704 2647 830 2702 Terentium
