1820 2982
155 173 232 225 VAL'.
245 177 383 228 MAXlMI
399 179 454 229 Las.
468 177 513 228 lv.
534 181 594 230 Cir.
607 185 628 228 1.
680 187 726 230 las

47 319 97 351 ano
112 305 222 368 exigeret.
251 310 286 354 At
302 308 346 363 ille,
364 309 562 366 oblatobenelicio,
578 327 623 374 quo
640 312 725 358 nubum

50 371 127 432 majus
145 371 233 432 lugenti
249 373 316 419 tribui
332 379 442 435 potuerat,
462 375 725 424 dolorem'rootlerationi

49 435 133 482 cedere
142 435 232 497 etegit:
252 437 410 499 carnificesque
424 442 539 502 sanguinis
552 442 586 488 sui
601 442 697 489 intactos
712 457 725 488 e

49 500 151 562 vestigio
161 501 190 546 ad
202 499 344 562 Cleopatram
355 503 430 550 reduci
441 506 523 567 jussit;
540 506 640 560 dicendo,
659 513 675 535 ‘⁴
683 521 725 566 po·

49 571 159 675 m
169 565 235 628 huJus
246 566 352 615 undictae
363 583 409 615 uon
421 584 490 624 mam,
507 571 547 617 sed
562 570 660 625 senates,
674 586 724 618 esse

330 737 444 785 Etteruo.

88 819 139 886 (1.)
151 821 286 870 Tarenttinus
294 823 415 886 Archytas,
425 827 478 872 dum
487 840 511 872 se
519 825 656 888 Pythagorae
664 843 723 889 prae·

49 888 127 950 ceptis
145 887 273 949 Metaponti
290 889 382 950 'penitus
403 890 524 952 immerglt,
547 907 631 952 magno
650 892 724 939 labore

46 955 169 1014 longoque
179 952 280 1014 tmpore
290 953 384 999 solidum
396 970 452 1016 opus
462 955 571 1002 damonae
581 956 724 1016 complexum

47 1023 173 1081 postqum
183 1017 207 1062 in
217 1017 310 1078 patriam
325 1019 450 1072 revertitur,
467 1033 494 1065 ac
508 1035 559 1065 rura
574 1035 614 1066 sua
628 1021 724 1067 revisere

48 1081 131 1144 coepit,
143 1081 298 1128 animadvertit
308 1081 446 1144 negligentib
455 1083 524 1128 villici
533 1091 636 1144 corrupta
642 1089 666 1129 'et
673 1099 724 1144 per-

47 1148 116 1194 dita:
137 1145 272 1206 intuensque
285 1147 343 1193 male
357 1148 469 1200 meritum,
487 1153 502 1176 ¹⁸
513 1145 673 1201 Sumsissem,”
689 1149 724 1193 in-

45 1212 111 1273 quit,
128 1216 144 1240 ‘⁶
153 1225 167 1256 a
177 1217 200 1256 te
210 1211 348 1272 supplicium,
361 1212 404 1258 nisi
417 1211 456 1256 tibi
466 1211 535 1258 iratus
546 1210 645 1258 essem.”
669 1211 723 1260 Ma-

46 1277 94 1324 luit
112 1275 174 1322 enim
192 1274 325 1336 impunitum
344 1276 462 1330 dimittere,
479 1289 545 1337 quam
561 1283 652 1339 propter
667 1277 722 1324 iram

45 1339 146 1404 gravius
157 1339 215 1385 'usto
226 1340 311 1401 punire.
496 1359 497 1362 ¹
712 1369 714 1375 ·

82 1401 136 1468 (2.)
151 1355 229 1450 llimis
239 1403 333 1452 liberalis
344 1403 454 1466 Archytoe
464 1406 600 1454 moderatius
620 1405 722 1457 Platonis

45 1467 211 1530 temperatior:
228 1483 280 1514 nam
291 1483 342 1516 cum
353 1469 458 1517 adversus
468 1471 576 1518 delictum
584 1473 643 1519 servi
652 1473 721 1520 vehe-

44 1533 152 1582 mentius
167 1533 292 1587 exarsisset,
307 1534 392 1580 veritus
406 1549 436 1581 ne
448 1537 496 1598 ipae
510 1537 601 1584 modum
615 1537 721 1584 vindictae

44 1598 163 1662 dispicere
178 1611 224 1642 uon
238 1604 322 1660 posset,
340 1597 463 1660 Speusippo
479 1602 551 1648 amico
567 1603 721 1664 castigationis

43 1663 170 1713 arbitrium
180 1661 307 1720 mandavit3
321 1662 419 1710 deforme
427 1665 467 1710 sibi
474 1665 574 1712 futurum
583 1667 720 1722 emstimam,

43 1731 65 1776 si
77 1725 240 1781 commisisset,
252 1735 277 1773 ut
289 1741 364 1789 parem
375 1729 568 1789 reprehensionem
579 1731 644 1792 culpa
654 1733 720 1786 servi,

43 1803 70 1842 et
81 1790 249 1840 animadversio
261 1791 369 1846 Platonis,
381 1800 510 1839 mereretur.
530 1794 584 1847 Quo
594 1795 669 1841 minus
679 1797 726 1853 roi-v

43 1854 722 1984 lrroblleqrieotrishiugebotibicliagilecuilbffliesuboririilntacirnnpibnltib

43 1996 146 2036 cutum:
166 1985 215 2032 sine
228 1983 273 2032 ulit
287 1986 428 2032 cunctatione
442 1986 618 2032 criminationem
629 1987 719 2048 respuit.

44 2051 155 2099 Instabat
166 2055 227 2096 certe
237 2050 302 2096 voltu
314 2050 388 2104 iudex,
405 2065 494 2097 causun
509 2063 612 2111 quaerens
627 2065 667 2096 cur
681 2051 722 2097 sibi

44 2117 104 2163 tides
117 2129 165 2160 non
176 2115 305 2162 haberetur:
324 2115 411 2177 adjecit,
424 2123 440 2144 ⁶¹
449 2129 495 2162 non
506 2129 555 2162 esse
566 2114 675 2169 credibile,
687 2123 721 2170 ut,

43 2195 118 2244 quern
130 2186 247 2241 tantopere
257 2187 347 2233 amaret,
364 2181 391 2226 ab
405 2195 433 2226 eo
447 2180 543 2227 invicem
558 2194 604 2225 non
618 2179 722 2241 diligere-

43 2244 115 2294 tur.”
139 2241 267 2298 Postremo,
280 2259 331 2290 ctum
343 2244 371 2290 ad
381 2244 537 2306 jusjurrandum
549 2243 675 2292 inimicitias
687 2259 722 2308 se·

44 2310 121 2358 tentis
131 2309 261 2370 malignitas
272 2307 416 2371 confugisset,
429 2323 458 2356 ne
472 2309 501 2355 de
510 2309 607 2371 perjurio
617 2309 665 2372 ejus
676 2309 721 2357 slis-
763 2345 766 2358 .

42 2380 146 2437 pritaret,
162 2373 287 2428 affinnavit,
305 2381 442 2434 “uunquam
455 2372 607 2420 Xenocratem
622 2373 660 2424 illa
673 2374 721 2422 dic-
796 2428 800 2436 „

44 2449 127 2486 turum
143 2437 221 2492 frume,
239 2438 282 2484 nisi
298 2438 384 2485 eavdici
400 2437 503 2500 expedire
519 2439 559 2485 sibi
571 2435 720 2502 jutlietisset),³

44 2503 140 2560 Nouio
149 2517 243 2564 corpore
250 2501 346 2557 mortali,
359 2501 398 2549 sed
408 2503 431 2548 in
440 2518 490 2550 arce
498 2503 591 2556 coelesti,
601 2505 724 2565 etquidem

44 2575 170 2621 armatum,
178 2567 277 2614 animum
285 2569 333 2630 ejrta
341 2567 392 2614 vitae
399 2569 517 2616 stationem
526 2577 591 2632 putes
599 2570 720 2631 peregisse,

44 2633 202 2681 htonanorutn
212 2632 318 2682 vit‘torum
331 2633 434 2682 incursus
446 2649 460 2684 t
470 2649 495 2683 se
505 2632 589 2684 invicti
598 2633 675 2699 pugni
685 2649 722 2682 re·

510 2715 525 2746 z
