1828 2982
171 170 248 221 VAL.
261 171 400 221 MAXIMI
417 173 470 222 Lm.
484 173 544 223 vll.
563 173 624 226 Car.
637 178 660 226 3.
702 180 750 227 276

2 270 4 274 ὗ
80 305 223 359 adolescens,
237 303 332 352 infelicis
346 304 414 352 animi
430 305 546 368 impetum,
557 307 658 355 mtietate
671 321 756 354 concu-

83 371 147 418 bitus
156 369 244 416 licentis
255 369 385 422 resolutum,
398 371 426 416 ad
436 371 465 425 id,
478 372 538 432 quod
551 387 597 417 non
611 373 697 427 licebat,
710 379 756 419 tar-

83 435 172 482 diorem
182 434 348 498 pigrioremque
358 433 459 490 afferens,
471 437 578 499 paulatim
589 437 698 499 deposuit.
748 441 755 452 “

356 557 359 568 ·
367 541 482 590 Externa

120 628 171 694 (l.)
184 628 244 678 Cum
253 629 382 677 Alexander
390 631 542 678 Macedonum
551 647 598 687 rex,
611 639 672 680 sorte
682 631 756 679 moni-

83 703 131 750 tus,
145 703 170 741 ut
182 711 240 748 eum,
253 696 290 754 qui
302 695 342 742 sibi
351 693 415 757 porti
423 711 514 758 egresso
521 697 605 758 primns
614 699 754 751 occurrisset,

85 758 182 806 interfici
189 761 286 822 juberet,
304 761 430 815 asinarium,
446 761 505 807 forte
515 770 568 808 ante
579 777 657 808 omnes
668 762 756 809 obviam

83 824 179 878 factum,
198 824 225 870 ad
241 831 336 871 mortem
353 826 421 886 abripi
438 823 583 888 imperdsset3
606 841 677 888 eoque
693 841 757 888 quae-

84 897 158 942 rente,
171 889 275 950 quidnam
287 905 311 935 se
320 891 475 936 immerentem
489 891 575 952 capitali
591 892 704 952 supplicio,
721 891 756 936 in-

84 960 252 1014 nocentemque
267 954 384 1006 addiceret,
401 969 452 1000 cum
467 955 495 1002 ad
509 955 659 1001 excusandum
672 955 755 1001 iactum

84 1033 154 1066 suum
166 1019 248 1064 oraculi
258 1025 394 1080 praeceptum
407 1020 524 1072 retulisset,
537 1019 650 1072 asinarius,
665 1020 714 1066 “Si
725 1019 758 1066 ita

85 1081 148 1136 est‚’'
160 1083 239 1143 inquit,
256 1089 272 1112 ‘⁴
281 1098 328 1136 rex,
341 1083 408 1129 alium
422 1099 471 1130 sors
481 1084 533 1130 huic
543 1084 610 1129 morti
621 1084 753 1130 destinavit:

85 1161 140 1194 nam
155 1147 243 1201 asellus,
261 1163 327 1207 quem
344 1163 388 1209 ego
404 1155 456 1195 ante
472 1163 509 1194 me
523 1148 623 1210 agebam,
640 1149 702 1208 prior
716 1147 757 1194 tibi

86 1211 212 1260 occurrit.”
234 1205 366 1258 Delectatus
377 1211 506 1260 Alexander
516 1220 540 1258 et
549 1213 609 1258 illius
619 1218 665 1258 tarn
677 1211 755 1258 callido

85 1277 155 1330 dicto,
175 1283 199 1322 et
215 1277 275 1337 quod
292 1277 319 1322 ab
335 1293 410 1324 errore
424 1278 472 1339 ipse
488 1283 605 1324 resocatus
619 1283 674 1328 erat,
692 1291 756 1323 occa-

86 1343 175 1388 sionem
194 1341 217 1386 in
236 1341 349 1401 aliquanto
367 1341 446 1388 viliore
464 1341 553 1388 animali
572 1340 688 1402 expiandae
705 1341 757 1386 reli-

86 1407 163 1470 gionis
174 1405 252 1466 rapuit
272 1406 366 1451 Summa
376 1405 400 1450 in
410 1407 454 1452 hoc
465 1421 516 1452 cum
525 1405 644 1452 calliditate
651 1419 756 1451 mansue-

85 1472 156 1534 tudo:
177 1485 263 1516 summa
273 1485 362 1530 quoque
373 1469 396 1515 in
411 1470 501 1517 alterius
516 1471 576 1533 regis
591 1470 697 1532 equisone
711 1469 756 1530 eal·

120 1596 171 1662 (2.)
185 1595 278 1646 Sordida
289 1597 413 1661 Magorum
421 1598 572 1646 dominatione
580 1595 692 1662 oppressi,
704 1597 757 1646 Da-

83 1666 140 1718 rius,
153 1677 194 1710 sex
204 1664 340 1726 adjutoribus
350 1663 449 1725 ejusdem
458 1664 572 1726 dignitatis
580 1665 696 1717 assumtis,
704 1678 764 1724 pac:

84 1737 198 1778 tunicum
213 1728 313 1790 praeclari
328 1728 401 1790 operis
415 1730 555 1776 consortibus
567 1727 627 1788 fecit,
645 1735 677 1782 ut,
694 1729 756 1788 equis

83 1794 215 1846 insidentes,
228 1793 280 1839 solis
291 1799 342 1838 ortu
353 1807 443 1838 cursum
454 1793 477 1837 in
488 1793 605 1853 quemdam
615 1793 691 1838 locum
702 1792 755 1838 diri-

84 1865 182 1925 gerent3
199 1857 263 1918 isque
330 1873 344 1903 o
354 1857 470 1918 potiretur,
483 1858 546 1918 cujus
557 1871 627 1918 equus
637 1857 666 1902 in·
673 1871 700 1902 eo
710 1856 757 1918 pn'-

82 1939 137 1974 mus
151 1920 271 1969 hinnisset.
317 1929 410 1968 aeterum
425 1921 530 1968 maximae
544 1921 652 1967 mercedis
665 1935 756 1982 compe-

81 1989 190 2038 titoribus
210 1986 321 2034 Fortuuae
339 1985 470 2033 beneficium
489 1985 674 2048 exspectantibus,
695 1985 756 2032 solus

82 2053 189 2104 acumine
207 2051 319 2113 equisonis
338 2052 373 2098 sui
390 2051 481 2098 OEbaris
496 2065 628 2114 prosperum
644 2056 756 2112 exoptata

81 2120 116 2168 rei
134 2115 238 2165 effectum
254 2123 370 2164 assecutus
385 2123 436 2174 est3
458 2115 496 2177 qui
514 2115 539 2162 in
555 2130 619 2176 equae
634 2113 754 2177 genitalem

81 2189 172 2250 partem
183 2181 302 2228 denrissam
312 2196 411 2236 manum,
423 2195 475 2227 cum
483 2181 511 2227 ad
519 2195 570 2227 eum
578 2180 653 2227 locum
662 2185 755 2226 rentum

84 2254 155 2302 essct,
167 2247 257 2293 naribus
267 2245 318 2308 equi
325 2246 431 2294 admovit.
452 2246 506 2300 Quo
515 2245 583 2293 odore
588 2245 695 2296 irritatus,
705 2251 758 2290 ante

84 2325 167 2362 omnes
185 2311 297 2357 hinnitum
316 2311 391 2358 edidit
418 2310 549 2372 Auditoque
567 2325 602 2365 eo,
621 2323 662 2357 sex
678 2307 756 2369 reliqui

85 2391 183 2426 summae
196 2375 314 2438 potestatis
329 2375 446 2430 candidati,
463 2377 571 2423 continuo
587 2375 649 2437 equis
666 2373 755 2436 delapsi,

85 2450 113 2490 ut
124 2449 219 2489 estmoe
231 2439 358 2495 Persarum,
371 2441 433 2487 humi
458 2441 559 2488 rostratis
570 2439 698 2503 corporibus
706 2437 758 2485 Da·

85 2508 146 2554 rium
157 2520 234 2568 regern
249 2505 407 2552 salutaverunt.
502 2512 551 2552 tum
561 2506 678 2570 imperium
689 2518 756 2566 quam

86 2585 159 2638 parvo
169 2571 318 2634 interceptum
329 2577 364 2618 est
375 2568 527 2618 vaframento!

121 2632 169 2700 (3.)
186 2634 242 2685 Bias
257 2642 340 2692 autem,
357 2636 421 2700 cuijus
437 2635 545 2700 sapientia
560 2632 686 2684 diuturnior
699 2633 758 2683 iuter

489 2702 531 2746 2ι
548 2703 563 2744 3
