1820 2982
167 163 246 216 vnn
256 144 395 218 mixtur
411 169 525 220 miv.
544 170 639 222 oms
687 181 742 246 lus

59 314 100 348 res
110 298 246 352 &uideram
258 313 325 359 quam
336 298 439 347 dominos
453 301 560 360 habebam
579 302 647 364 inque
658 303 735 354 Maxi-

59 381 101 412 mo
111 372 137 410 et
148 363 261 410 Flaminio
275 365 395 426 spectaculi
410 365 489 412 locus:
510 383 561 427 quae
579 369 669 429 quidem
686 371 738 421 loca

58 432 91 477 ob
101 429 211 475 virtutem
223 428 310 489 publice
320 429 402 476 donata
411 431 560 491 possidebant.

94 491 146 557 (9.)
164 492 251 540 Eadem
269 507 328 554 gens
344 495 430 540 nullum
441 502 493 542 ante
505 497 633 559 scrupulum
644 502 734 561 argenti

57 559 147 610 habuit,
160 573 227 616 quam
243 557 334 612 Paulus,
354 557 424 605 Perse
441 575 495 622 rege
505 562 600 616 devicto,
621 563 653 616 Q.
669 565 733 613 AEtto

55 623 186 674 Tuberoni,
198 637 282 684 genero
291 638 339 675 suo,
349 624 447 684 quinque
454 625 528 686 pondo
540 628 626 688 argenti
637 643 666 674 ex
674 645 733 690 prae·

56 688 89 735 dai
100 687 203 732 donaret.
221 686 298 734 Taceo
303 687 371 741 enim,
381 689 441 748 quod
449 689 551 752 princeps
559 691 655 738 civitatis
665 693 733 742 liliam

57 755 82 799 ei
95 757 191 811 nuptum
204 751 271 805 dedit,
290 752 354 814 cujus
367 761 459 814 penates
476 761 522 800 tam
535 755 626 817 jejunos
640 757 736 818 pecuniai

56 817 160 864 videbat.
188 815 250 869 Quin
261 817 308 878 ipse
318 831 408 878 quoque
423 818 478 864 adeo
495 819 560 880 inops
578 821 678 876 decessit,
697 830 730 877 ut.

56 882 104 928 uisi
123 879 213 933 sumn
232 895 298 940 quem
315 896 385 928 unum
403 883 526 944 reliquerat,
545 882 655 939 venisset,
674 901 733 934 uxor

55 948 108 1009 ejus
120 945 197 992 dotem
208 945 268 991 unde
277 946 393 1008 reciperet,
404 961 450 993 nou
461 949 589 995 exstitisset.
608 949 686 996 Animi
697 953 732 998 vi·

55 1025 138 1058 rorum
149 1017 173 1055 et
182 1009 315 1056 feminarum
325 1011 431 1072 vigebant
446 1012 471 1057 in
486 1012 592 1070 civitate3
610 1029 733 1076 eorumque

55 1076 126 1123 bonis
137 1074 252 1135 dignitatis
263 1075 381 1121 aestimatio
389 1076 476 1122 cunctis
485 1077 509 1122 in
520 1077 585 1123 rebus
595 1078 734 1138 ponderabo·

55 1149 103 1188 tur.
125 1137 187 1185 Haec
198 1139 290 1200 imperia
299 1140 461 1197 conciliabaut;
478 1141 528 1188 haec
540 1141 666 1202 jungebant
683 1143 731 1192 affi-

54 1207 160 1260 nitates3
171 1204 220 1249 lraec
230 1204 254 1248 in
261 1203 318 1258 soro,
330 1205 380 1250 iraec
388 1205 411 1250 in
423 1202 490 1270 curii,
503 1205 552 1251 hsec
563 1205 621 1252 intra
631 1207 731 1267 privatos

54 1270 164 1332 parietes,
175 1267 295 1328 plurimum
306 1275 416 1329 poterant.
436 1269 521 1316 Putriae
531 1271 591 1316 euim
602 1285 649 1316 rem
660 1287 730 1319 unus-
748 1291 752 1299 ·

53 1335 162 1396 quisque,
174 1346 221 1378 non
233 1347 302 1386 susm,
315 1348 399 1394 augere
409 1335 555 1396 properabam
570 1349 696 1396 pauperque
707 1337 732 1384 iu

54 1399 137 1450 divite,
153 1411 221 1458 quam
232 1397 294 1443 dives
304 1397 327 1442 in
338 1413 441 1460 paupere,
458 1399 551 1460 imperio
566 1399 650 1446 versari
660 1401 731 1448 mate-

53 1465 103 1510 ω.
132 1460 210 1521 Atque
224 1461 276 1507 huic
292 1468 338 1506 tam
353 1463 461 1524 praeclaro
471 1463 586 1525 proposito
596 1463 633 1512 illa
644 1479 730 1514 merces

55 1527 199 1578 reddebatur,
219 1525 280 1585 quod
294 1526 349 1572 nihil
358 1541 443 1581 eorum,
460 1542 513 1588 quse
524 1529 601 1575 virtuti
611 1529 726 1585 debentur,

53 1606 135 1640 emere
143 1589 237 1652 pecuali
249 1590 343 1648 licebat;
360 1591 486 1654 inopiaeque
498 1593 618 1642 illustrium
628 1595 728 1644 virorum
798 1601 800 1606 '

51 1656 145 1722 parblice
156 1654 332 1702 succurrebstur.

87 1716 157 1785 (10.)
175 1717 254 1779 Itaque
265 1734 316 1766 cum
328 1719 425 1766 secundo
436 1719 523 1767 Punico
539 1722 598 1769 bello
616 1720 661 1770 Cn.
677 1724 727 1772 svi-

51 1785 95 1850 pio
105 1797 136 1832 ex
147 1782 259 1845 Hispania
268 1785 355 1830 senatui
363 1785 493 1845 scripsisset,
502 1793 581 1848 petens
589 1793 615 1832 ut
626 1788 666 1834 sibi
676 1803 728 1834 suc-

51 1865 135 1899 censor
149 1849 282 1903 mitteretur,
302 1849 354 1910 quis
367 1847 435 1896 filiam
454 1849 565 1911 virginem
583 1850 665 1898 adultae
677 1853 726 1912 ,iam

50 1915 131 1964 aetatis
141 1913 237 1968 habaet
249 1929 323 1975 noque
334 1914 354 1961 ei
365 1913 415 1962 aine
424 1929 449 1961 aa
463 1913 505 1960 dos
520 1913 618 1975 expediri
633 1925 725 1975 ponet,

48 1987 155 2032 uenatus,
173 1993 202 2024 ue
212 1979 335 2041 respublica
344 1980 403 2026 bono
418 1977 475 2025 duce
491 1986 584 2030 careret,
601 1979 670 2038 patria
687 1979 728 2028 sihi

50 2051 130 2108 partes
141 2043 264 2101 desumsit;
277 2044 413 2103 consilioque
428 2043 505 2088 uxoris
515 2057 541 2089 ac
551 2043 727 2104 propinquorum

50 2109 175 2172 Scipionis,
193 2107 315 2154 constituti
332 2109 392 2160 dote,
410 2121 521 2170 summam
538 2108 585 2168 ejus
602 2121 631 2153 ex
647 2108 726 2154 seiano

50 2174 166 2236 erogavit,
187 2188 213 2219 ac
231 2173 327 2233 pueliam
346 2179 442 2232 nuptum
462 2171 528 2218 dudit.
556 2171 626 2218 Dotis
645 2171 726 2218 modus

54 2236 130 2301 [XL]
147 2237 217 2282 millia
233 2236 284 2282 aeris
301 2235 351 2281 fuit.
378 2233 407 2280 In
427 2251 471 2295 quo
482 2250 528 2280 non
540 2235 612 2281 solum
623 2236 726 2282 humani-

50 2311 89 2350 tas
101 2301 196 2348 Petrum
204 2300 389 2361 conscriptorum,
401 2299 515 2346 sedetiam
527 2301 613 2346 habitus
624 2307 725 2348 veterum

51 2366 240 2430 patrimoniorum
257 2365 364 2426 cognosci
381 2371 463 2426 potest.
489 2363 595 2425 Namque
610 2365 665 2411 adeo
675 2363 724 2412 fue-

52 2437 108 2478 runt
118 2436 188 2481 ncta,
200 2435 226 2474 ut
236 2427 309 2482 Tutia,
329 2427 433 2477 Caesonis
446 2428 499 2483 filis,
517 2429 637 2476 maximam
649 2429 725 2476 &tem

48 2496 81 2543 ad
91 2495 167 2542 virum
178 2491 204 2538 X
214 2493 283 2540 millia
294 2494 345 2540 seris
356 2494 457 2540 attulisse
471 2495 520 2541 visa
535 2495 579 2552 sit;
595 2502 619 2541 et
629 2494 723 2558 Megul-

51 2562 89 2616 lia,
107 2559 161 2620 qnia
171 2573 223 2604 cum
233 2559 395 2620 quinquaginta
412 2559 508 2606 millibus
525 2561 577 2606 aeris
592 2559 666 2606 mariti
682 2559 722 2606 do·
786 2601 789 2608 .

51 2639 116 2672 mum
128 2623 227 2678 intrarit,
236 2623 332 2670 Dotatae
340 2637 467 2684 cognomen
477 2625 595 2672 invenerit.
615 2623 680 2671 idem
689 2639 724 2670 se-

49 2697 119 2739 natus
132 2686 229 2736 Fabricii
243 2687 344 2743 Luscini,
357 2688 518 2752 Scipionisque,
530 2689 587 2740 iilius
597 2691 625 2738 ab
635 2689 722 2738 indota-

456 2757 473 2799 2
482 2768 500 2800 Δ
511 2759 526 2800 8
