<?xml version="1.0" encoding="UTF-8"?>
<!DOCTYPE html PUBLIC "-//W3C//DTD XHTML 1.0 Transitional//EN"
    "http://www.w3.org/TR/xhtml1/DTD/xhtml1-transitional.dtd">
<html xmlns="http://www.w3.org/1999/xhtml" xml:lang="en" lang="en">
 <head>
  <title>
</title>
<meta http-equiv="Content-Type" content="text/html;charset=utf-8" />
  <meta name='ocr-system' content='tesseract 3.04.00' />
  <meta name='ocr-capabilities' content='ocr_page ocr_carea ocr_par ocr_line ocrx_word'/>
</head>
<body>
  <div class='ocr_page' id='page_1' title='image "./valeriimaximifa00kappgoog_0107.png"; bbox 0 0 1820 2982; ppageno 0'>
   <div class='ocr_carea' id='block_1_1' title="bbox 182 156 759 230">
    <p class='ocr_par' dir='ltr' id='par_1_1' title="bbox 182 156 759 230">
     <span class='ocr_line' id='line_1_1' title="bbox 182 156 759 230; baseline -0.01 0"><span class='ocrx_word' id='word_1_1' title='bbox 182 183 214 230; x_wconf 71' lang='lat' dir='ltr'>aa</span> <span class='ocrx_word' id='word_1_2' title='bbox 274 176 353 230; x_wconf 73' lang='lat' dir='ltr'>vna</span> <span class='ocrx_word' id='word_1_3' title='bbox 367 169 506 228; x_wconf 78' lang='lat' dir='ltr'>namur</span> <span class='ocrx_word' id='word_1_4' title='bbox 521 177 575 228; x_wconf 71' lang='lat' dir='ltr'>aa</span> <span class='ocrx_word' id='word_1_5' title='bbox 588 167 638 226; x_wconf 82' lang='lat' dir='ltr'>nt</span> <span class='ocrx_word' id='word_1_6' title='bbox 657 165 717 228; x_wconf 64' lang='lat' dir='ltr'>cai.</span> <span class='ocrx_word' id='word_1_7' title='bbox 730 156 759 224; x_wconf 70' lang='lat' dir='ltr'>a</span> 
     </span>
    </p>
   </div>
   <div class='ocr_carea' id='block_1_2' title="bbox 128 303 894 1729">
    <p class='ocr_par' dir='ltr' id='par_1_2' title="bbox 128 303 894 1390">
     <span class='ocr_line' id='line_1_2' title="bbox 180 303 845 372; baseline -0.009 -15"><span class='ocrx_word' id='word_1_8' title='bbox 180 323 247 357; x_wconf 86' lang='lat' dir='ltr'>suum</span> <span class='ocrx_word' id='word_1_9' title='bbox 256 323 314 372; x_wconf 86' lang='lat' dir='ltr'>pons</span> <span class='ocrx_word' id='word_1_10' title='bbox 325 311 498 372; x_wconf 68' lang='lat' dir='ltr'><strong>abrumperetur,</strong></span> <span class='ocrx_word' id='word_1_11' title='bbox 507 307 638 372; x_wconf 73' lang='lat' dir='ltr'>infatigabili</span> <span class='ocrx_word' id='word_1_12' title='bbox 644 304 722 371; x_wconf 78' lang='lat' dir='ltr'>pugni</span> <span class='ocrx_word' id='word_1_13' title='bbox 730 303 845 364; x_wconf 85' lang='lat' dir='ltr'>sustinuit;</span> 
     </span>
     <span class='ocr_line' id='line_1_3' title="bbox 180 371 894 436; baseline -0.007 -15"><span class='ocrx_word' id='word_1_14' title='bbox 180 383 255 436; x_wconf 90' lang='lat' dir='ltr'>atque,</span> <span class='ocrx_word' id='word_1_15' title='bbox 267 381 293 420; x_wconf 91' lang='lat' dir='ltr'>ut</span> <span class='ocrx_word' id='word_1_16' title='bbox 302 375 396 436; x_wconf 89' lang='lat' dir='ltr'>patriam</span> <span class='ocrx_word' id='word_1_17' title='bbox 410 373 509 436; x_wconf 90' lang='lat' dir='ltr'>periculo</span> <span class='ocrx_word' id='word_1_18' title='bbox 519 374 644 421; x_wconf 83' lang='lat' dir='ltr'>imminenti</span> <span class='ocrx_word' id='word_1_19' title='bbox 657 375 769 419; x_wconf 80' lang='lat' dir='ltr'>liberatam</span> <span class='ocrx_word' id='word_1_20' title='bbox 783 371 845 423; x_wconf 86' lang='lat' dir='ltr'>vidit,</span> <span class='ocrx_word' id='word_1_21' title='bbox 893 381 894 406; x_wconf 70' lang='lat'>³</span> 
     </span>
     <span class='ocr_line' id='line_1_4' title="bbox 181 435 847 501; baseline -0.009 -15"><span class='ocrx_word' id='word_1_22' title='bbox 181 446 279 486; x_wconf 85' lang='lat' dir='ltr'>annatus</span> <span class='ocrx_word' id='word_1_23' title='bbox 291 455 315 485; x_wconf 89' lang='lat' dir='ltr'>se</span> <span class='ocrx_word' id='word_1_24' title='bbox 325 440 349 484; x_wconf 94' lang='lat' dir='ltr'>in</span> <span class='ocrx_word' id='word_1_25' title='bbox 360 439 459 486; x_wconf 77' lang='lat' dir='ltr'>Tiberim</span> <span class='ocrx_word' id='word_1_26' title='bbox 471 439 539 485; x_wconf 87' lang='lat' dir='ltr'>misit.</span> <span class='ocrx_word' id='word_1_27' title='bbox 561 438 633 501; x_wconf 86' lang='lat' dir='ltr'>Cujus</span> <span class='ocrx_word' id='word_1_28' title='bbox 643 437 794 484; x_wconf 83' lang='lat' dir='ltr'>fortitudinem</span> <span class='ocrx_word' id='word_1_29' title='bbox 806 435 847 481; x_wconf 92' lang='lat' dir='ltr'>Dii</span> 
     </span>
     <span class='ocr_line' id='line_1_5' title="bbox 181 501 894 562; baseline -0.007 -12"><span class='ocrx_word' id='word_1_30' title='bbox 181 505 319 550; x_wconf 84' lang='lat' dir='ltr'>immortales</span> <span class='ocrx_word' id='word_1_31' title='bbox 332 504 440 558; x_wconf 90' lang='lat' dir='ltr'>admirati,</span> <span class='ocrx_word' id='word_1_32' title='bbox 455 504 629 550; x_wconf 81' lang='lat' dir='ltr'>incolumitatem</span> <span class='ocrx_word' id='word_1_33' title='bbox 641 503 749 548; x_wconf 87' lang='lat' dir='ltr'>sinceram</span> <span class='ocrx_word' id='word_1_34' title='bbox 760 501 781 546; x_wconf 92' lang='lat' dir='ltr'>ei</span> <span class='ocrx_word' id='word_1_35' title='bbox 790 515 847 562; x_wconf 74' lang='lat' dir='ltr'>prae-</span> <span class='ocrx_word' id='word_1_36' title='bbox 893 519 894 526; x_wconf 49' lang='lat'>¹</span> 
     </span>
     <span class='ocr_line' id='line_1_6' title="bbox 183 567 894 630; baseline -0.003 -16"><span class='ocrx_word' id='word_1_37' title='bbox 183 567 294 614; x_wconf 79' lang='lat' dir='ltr'>stiterunt.</span> <span class='ocrx_word' id='word_1_38' title='bbox 317 567 387 622; x_wconf 88' lang='lat' dir='ltr'>Nam,</span> <span class='ocrx_word' id='word_1_39' title='bbox 403 583 475 630; x_wconf 88' lang='lat' dir='ltr'>neque</span> <span class='ocrx_word' id='word_1_40' title='bbox 489 569 604 615; x_wconf 82' lang='lat' dir='ltr'>altitudine</span> <span class='ocrx_word' id='word_1_41' title='bbox 614 567 713 629; x_wconf 76' lang='lat' dir='ltr'>dejectus</span> <span class='ocrx_word' id='word_1_42' title='bbox 724 572 845 626; x_wconf 87' lang='lat' dir='ltr'>quassatus,</span> <span class='ocrx_word' id='word_1_43' title='bbox 893 605 894 612; x_wconf 70' lang='grc'>,</span> 
     </span>
     <span class='ocr_line' id='line_1_7' title="bbox 181 629 894 694; baseline -0.008 -16"><span class='ocrx_word' id='word_1_44' title='bbox 181 647 255 692; x_wconf 90' lang='lat' dir='ltr'>neque</span> <span class='ocrx_word' id='word_1_45' title='bbox 271 633 369 694; x_wconf 90' lang='lat' dir='ltr'>pondere</span> <span class='ocrx_word' id='word_1_46' title='bbox 388 649 500 680; x_wconf 88' lang='lat' dir='ltr'>armorum</span> <span class='ocrx_word' id='word_1_47' title='bbox 518 647 615 694; x_wconf 87' lang='lat' dir='ltr'>pressus,</span> <span class='ocrx_word' id='word_1_48' title='bbox 636 647 677 678; x_wconf 90' lang='lat' dir='ltr'>nec</span> <span class='ocrx_word' id='word_1_49' title='bbox 693 631 739 676; x_wconf 91' lang='lat' dir='ltr'>ullo</span> <span class='ocrx_word' id='word_1_50' title='bbox 758 629 847 677; x_wconf 84' lang='lat' dir='ltr'>vorticis</span> <span class='ocrx_word' id='word_1_51' title='bbox 893 629 894 650; x_wconf 64' lang='lat'>¹</span> 
     </span>
     <span class='ocr_line' id='line_1_8' title="bbox 182 695 848 758; baseline -0.008 -15"><span class='ocrx_word' id='word_1_52' title='bbox 182 696 278 743; x_wconf 88' lang='lat' dir='ltr'>circuitu</span> <span class='ocrx_word' id='word_1_53' title='bbox 288 705 358 752; x_wconf 89' lang='lat' dir='ltr'>actus,</span> <span class='ocrx_word' id='word_1_54' title='bbox 371 713 413 744; x_wconf 89' lang='lat' dir='ltr'>nec</span> <span class='ocrx_word' id='word_1_55' title='bbox 424 699 474 744; x_wconf 87' lang='lat' dir='ltr'>telis</span> <span class='ocrx_word' id='word_1_56' title='bbox 485 698 581 758; x_wconf 89' lang='lat' dir='ltr'>quidem,</span> <span class='ocrx_word' id='word_1_57' title='bbox 593 711 644 757; x_wconf 81' lang='lat' dir='ltr'>quae</span> <span class='ocrx_word' id='word_1_58' title='bbox 655 695 752 754; x_wconf 90' lang='lat' dir='ltr'>undique</span> <span class='ocrx_word' id='word_1_59' title='bbox 766 708 848 754; x_wconf 84' lang='lat' dir='ltr'>conge·</span> 
     </span>
     <span class='ocr_line' id='line_1_9' title="bbox 184 757 894 817; baseline -0.007 -10"><span class='ocrx_word' id='word_1_60' title='bbox 184 763 295 816; x_wconf 83' lang='lat' dir='ltr'>rebantur,</span> <span class='ocrx_word' id='word_1_61' title='bbox 304 762 380 817; x_wconf 85' lang='lat' dir='ltr'>laesus,</span> <span class='ocrx_word' id='word_1_62' title='bbox 389 769 463 809; x_wconf 91' lang='lat' dir='ltr'>tutum</span> <span class='ocrx_word' id='word_1_63' title='bbox 469 763 559 809; x_wconf 89' lang='lat' dir='ltr'>natandi</span> <span class='ocrx_word' id='word_1_64' title='bbox 567 768 672 808; x_wconf 84' lang='lat' dir='ltr'>eventum</span> <span class='ocrx_word' id='word_1_65' title='bbox 680 759 762 806; x_wconf 78' lang='lat' dir='ltr'>habuit.</span> <span class='ocrx_word' id='word_1_66' title='bbox 782 757 848 804; x_wconf 87' lang='lat' dir='ltr'>Unus</span> <span class='ocrx_word' id='word_1_67' title='bbox 893 767 894 784; x_wconf 61' lang='lat'>³</span> 
     </span>
     <span class='ocr_line' id='line_1_10' title="bbox 128 821 847 886; baseline -0.007 -14"><span class='ocrx_word' id='word_1_68' title='bbox 128 873 130 878; x_wconf 82' lang='grc'>,</span> <span class='ocrx_word' id='word_1_69' title='bbox 182 826 258 886; x_wconf 90' lang='lat' dir='ltr'>itaque</span> <span class='ocrx_word' id='word_1_70' title='bbox 268 833 303 872; x_wconf 92' lang='lat' dir='ltr'>tot</span> <span class='ocrx_word' id='word_1_71' title='bbox 314 827 403 880; x_wconf 80' lang='lat' dir='ltr'>civium,</span> <span class='ocrx_word' id='word_1_72' title='bbox 416 834 450 873; x_wconf 92' lang='lat' dir='ltr'>tot</span> <span class='ocrx_word' id='word_1_73' title='bbox 461 827 565 880; x_wconf 89' lang='lat' dir='ltr'>hostium,</span> <span class='ocrx_word' id='word_1_74' title='bbox 577 827 601 872; x_wconf 90' lang='lat' dir='ltr'>in</span> <span class='ocrx_word' id='word_1_75' title='bbox 612 840 637 872; x_wconf 89' lang='lat' dir='ltr'>se</span> <span class='ocrx_word' id='word_1_76' title='bbox 647 825 724 871; x_wconf 92' lang='lat' dir='ltr'>oculos</span> <span class='ocrx_word' id='word_1_77' title='bbox 732 821 847 874; x_wconf 87' lang='lat' dir='ltr'>convertit,</span> 
     </span>
     <span class='ocr_line' id='line_1_11' title="bbox 184 889 849 953; baseline -0.008 -17"><span class='ocrx_word' id='word_1_78' title='bbox 184 895 299 953; x_wconf 80' lang='lat' dir='ltr'>stupentes</span> <span class='ocrx_word' id='word_1_79' title='bbox 309 891 360 938; x_wconf 88' lang='lat' dir='ltr'>illos</span> <span class='ocrx_word' id='word_1_80' title='bbox 371 893 522 945; x_wconf 84' lang='lat' dir='ltr'>admiratione,</span> <span class='ocrx_word' id='word_1_81' title='bbox 538 892 579 936; x_wconf 90' lang='lat' dir='ltr'>hos</span> <span class='ocrx_word' id='word_1_82' title='bbox 590 891 648 936; x_wconf 92' lang='lat' dir='ltr'>inter</span> <span class='ocrx_word' id='word_1_83' title='bbox 657 889 758 935; x_wconf 83' lang='lat' dir='ltr'>laetitiam</span> <span class='ocrx_word' id='word_1_84' title='bbox 770 893 793 934; x_wconf 91' lang='lat' dir='ltr'>et</span> <span class='ocrx_word' id='word_1_85' title='bbox 803 901 849 932; x_wconf 86' lang='lat' dir='ltr'>me·</span> 
     </span>
     <span class='ocr_line' id='line_1_12' title="bbox 184 949 894 1018; baseline -0.007 -17"><span class='ocrx_word' id='word_1_86' title='bbox 184 961 233 1002; x_wconf 91' lang='lat' dir='ltr'>tum</span> <span class='ocrx_word' id='word_1_87' title='bbox 244 956 386 1004; x_wconf 79' lang='lat' dir='ltr'>baesitantesr</span> <span class='ocrx_word' id='word_1_88' title='bbox 406 971 509 1016; x_wconf 87' lang='lat' dir='ltr'>unusque</span> <span class='ocrx_word' id='word_1_89' title='bbox 522 956 578 1002; x_wconf 87' lang='lat' dir='ltr'>duos</span> <span class='ocrx_word' id='word_1_90' title='bbox 593 953 700 1001; x_wconf 76' lang='lat' dir='ltr'>acerrimi</span> <span class='ocrx_word' id='word_1_91' title='bbox 709 949 787 1014; x_wconf 76' lang='lat' dir='ltr'>pugnis</span> <span class='ocrx_word' id='word_1_92' title='bbox 797 966 849 998; x_wconf 89' lang='lat' dir='ltr'>coa·</span> <span class='ocrx_word' id='word_1_93' title='bbox 893 1009 894 1018; x_wconf 11' lang='grc' dir='ltr'>γ</span> 
     </span>
     <span class='ocr_line' id='line_1_13' title="bbox 185 1018 894 1082; baseline -0.007 -16"><span class='ocrx_word' id='word_1_94' title='bbox 185 1026 257 1068; x_wconf 80' lang='lat' dir='ltr'>sertas</span> <span class='ocrx_word' id='word_1_95' title='bbox 276 1022 394 1075; x_wconf 82' lang='lat' dir='ltr'>exercitus,</span> <span class='ocrx_word' id='word_1_96' title='bbox 417 1021 510 1068; x_wconf 85' lang='lat' dir='ltr'>alterum</span> <span class='ocrx_word' id='word_1_97' title='bbox 529 1019 661 1081; x_wconf 86' lang='lat' dir='ltr'>repellendo,</span> <span class='ocrx_word' id='word_1_98' title='bbox 684 1018 779 1064; x_wconf 89' lang='lat' dir='ltr'>alterum</span> <span class='ocrx_word' id='word_1_99' title='bbox 799 1032 850 1078; x_wconf 91' lang='lat' dir='ltr'>pro-</span> <span class='ocrx_word' id='word_1_100' title='bbox 893 1031 894 1082; x_wconf 50' lang='lat' dir='ltr'>p</span> 
     </span>
     <span class='ocr_line' id='line_1_14' title="bbox 183 1083 849 1148; baseline -0.009 -15"><span class='ocrx_word' id='word_1_101' title='bbox 183 1087 313 1148; x_wconf 84' lang='lat' dir='ltr'>pugnando,</span> <span class='ocrx_word' id='word_1_102' title='bbox 325 1086 433 1132; x_wconf 81' lang='lat' dir='ltr'>distraxit</span> <span class='ocrx_word' id='word_1_103' title='bbox 458 1085 564 1145; x_wconf 90' lang='lat' dir='ltr'>Denique</span> <span class='ocrx_word' id='word_1_104' title='bbox 574 1099 632 1130; x_wconf 86' lang='lat' dir='ltr'>uuus</span> <span class='ocrx_word' id='word_1_105' title='bbox 643 1083 691 1130; x_wconf 92' lang='lat' dir='ltr'>urbi</span> <span class='ocrx_word' id='word_1_106' title='bbox 705 1089 789 1128; x_wconf 78' lang='lat' dir='ltr'>nostrae</span> <span class='ocrx_word' id='word_1_107' title='bbox 802 1088 849 1127; x_wconf 84' lang='lat' dir='ltr'>un-</span> 
     </span>
     <span class='ocr_line' id='line_1_15' title="bbox 185 1145 850 1212; baseline -0.009 -16"><span class='ocrx_word' id='word_1_108' title='bbox 185 1157 235 1196; x_wconf 87' lang='lat' dir='ltr'>tum</span> <span class='ocrx_word' id='word_1_109' title='bbox 254 1158 318 1198; x_wconf 90' lang='lat' dir='ltr'>scuto</span> <span class='ocrx_word' id='word_1_110' title='bbox 335 1167 384 1205; x_wconf 90' lang='lat' dir='ltr'>suo,</span> <span class='ocrx_word' id='word_1_111' title='bbox 401 1157 508 1212; x_wconf 82' lang='lat' dir='ltr'>quantum</span> <span class='ocrx_word' id='word_1_112' title='bbox 524 1149 612 1195; x_wconf 88' lang='lat' dir='ltr'>Tiberis</span> <span class='ocrx_word' id='word_1_113' title='bbox 630 1149 701 1202; x_wconf 67' lang='lat' dir='ltr'>alpem</span> <span class='ocrx_word' id='word_1_114' title='bbox 719 1145 850 1197; x_wconf 85' lang='lat' dir='ltr'>munimenti</span> 
     </span>
     <span class='ocr_line' id='line_1_16' title="bbox 185 1211 850 1278; baseline -0.006 -16"><span class='ocrx_word' id='word_1_115' title='bbox 185 1215 267 1263; x_wconf 81' lang='lat' dir='ltr'>studit.</span> <span class='ocrx_word' id='word_1_116' title='bbox 297 1215 440 1278; x_wconf 77' lang='lat' dir='ltr'>Quapropter</span> <span class='ocrx_word' id='word_1_117' title='bbox 458 1214 595 1262; x_wconf 84' lang='lat' dir='ltr'>discedentes</span> <span class='ocrx_word' id='word_1_118' title='bbox 611 1212 703 1260; x_wconf 83' lang='lat' dir='ltr'>Etrusci</span> <span class='ocrx_word' id='word_1_119' title='bbox 721 1211 795 1258; x_wconf 89' lang='lat' dir='ltr'>dicere</span> <span class='ocrx_word' id='word_1_120' title='bbox 811 1226 850 1272; x_wconf 89' lang='lat' dir='ltr'>po·</span> 
     </span>
     <span class='ocr_line' id='line_1_17' title="bbox 185 1275 851 1333; baseline -0.008 -8"><span class='ocrx_word' id='word_1_121' title='bbox 185 1285 291 1328; x_wconf 83' lang='lat' dir='ltr'>tuerunt:</span> <span class='ocrx_word' id='word_1_122' title='bbox 314 1279 456 1327; x_wconf 81' lang='lat' dir='ltr'>“Romanos</span> <span class='ocrx_word' id='word_1_123' title='bbox 470 1279 572 1333; x_wconf 78' lang='lat' dir='ltr'>vicimus,</span> <span class='ocrx_word' id='word_1_124' title='bbox 588 1279 616 1324; x_wconf 88' lang='lat' dir='ltr'>ab</span> <span class='ocrx_word' id='word_1_125' title='bbox 631 1276 729 1326; x_wconf 84' lang='lat' dir='ltr'>Horatio</span> <span class='ocrx_word' id='word_1_126' title='bbox 744 1275 799 1323; x_wconf 87' lang='lat' dir='ltr'>victi</span> <span class='ocrx_word' id='word_1_127' title='bbox 815 1289 851 1321; x_wconf 88' lang='lat' dir='ltr'>su·</span> 
     </span>
     <span class='ocr_line' id='line_1_18' title="bbox 186 1343 557 1390; baseline -0.005 0"><span class='ocrx_word' id='word_1_128' title='bbox 186 1343 263 1390; x_wconf 87' lang='lat' dir='ltr'>mus.”</span> <span class='ocrx_word' id='word_1_129' title='bbox 552 1364 557 1376; x_wconf 53' lang='grc' dir='ltr'><em>ι</em></span> 
     </span>
    </p>

    <p class='ocr_par' dir='ltr' id='par_1_3' title="bbox 185 1405 894 1729">
     <span class='ocr_line' id='line_1_19' title="bbox 219 1405 853 1470; baseline -0.003 -18"><span class='ocrx_word' id='word_1_130' title='bbox 219 1405 265 1470; x_wconf 73' lang='lat'><strong>(2.)</strong></span> <span class='ocrx_word' id='word_1_131' title='bbox 285 1407 444 1456; x_wconf 87' lang='lat' dir='ltr'>Immemorem</span> <span class='ocrx_word' id='word_1_132' title='bbox 458 1423 495 1454; x_wconf 89' lang='lat' dir='ltr'>me</span> <span class='ocrx_word' id='word_1_133' title='bbox 509 1407 617 1470; x_wconf 86' lang='lat' dir='ltr'>propositi</span> <span class='ocrx_word' id='word_1_134' title='bbox 632 1407 677 1454; x_wconf 83' lang='lat' dir='ltr'>mai</span> <span class='ocrx_word' id='word_1_135' title='bbox 694 1405 776 1454; x_wconf 76' lang='lat' dir='ltr'>Cloelia</span> <span class='ocrx_word' id='word_1_136' title='bbox 789 1418 853 1467; x_wconf 83' lang='lat' dir='ltr'>paene</span> 
     </span>
     <span class='ocr_line' id='line_1_20' title="bbox 185 1470 894 1534; baseline -0.003 -17"><span class='ocrx_word' id='word_1_137' title='bbox 185 1470 246 1518; x_wconf 81' lang='lat' dir='ltr'>iacit.</span> <span class='ocrx_word' id='word_1_138' title='bbox 266 1470 353 1519; x_wconf 76' lang='lat' dir='ltr'>Eidem</span> <span class='ocrx_word' id='word_1_139' title='bbox 368 1473 428 1520; x_wconf 88' lang='lat' dir='ltr'>enim</span> <span class='ocrx_word' id='word_1_140' title='bbox 442 1480 581 1534; x_wconf 83' lang='lat' dir='ltr'>tempestate,</span> <span class='ocrx_word' id='word_1_141' title='bbox 597 1480 658 1520; x_wconf 89' lang='lat' dir='ltr'>certe</span> <span class='ocrx_word' id='word_1_142' title='bbox 671 1471 779 1518; x_wconf 82' lang='lat' dir='ltr'>adversus</span> <span class='ocrx_word' id='word_1_143' title='bbox 792 1485 853 1516; x_wconf 87' lang='lat' dir='ltr'>eum-</span> <span class='ocrx_word' id='word_1_144' title='bbox 893 1523 894 1526; x_wconf 8' lang='grc' dir='ltr'><strong>Ἴ</strong></span> 
     </span>
     <span class='ocr_line' id='line_1_21' title="bbox 186 1534 894 1598; baseline -0.006 -14"><span class='ocrx_word' id='word_1_145' title='bbox 186 1535 238 1584; x_wconf 88' lang='lat' dir='ltr'>dern</span> <span class='ocrx_word' id='word_1_146' title='bbox 249 1537 344 1589; x_wconf 85' lang='lat' dir='ltr'>hostem,</span> <span class='ocrx_word' id='word_1_147' title='bbox 357 1544 380 1583; x_wconf 93' lang='lat' dir='ltr'>et</span> <span class='ocrx_word' id='word_1_148' title='bbox 394 1538 417 1582; x_wconf 90' lang='lat' dir='ltr'>in</span> <span class='ocrx_word' id='word_1_149' title='bbox 431 1538 509 1584; x_wconf 90' lang='lat' dir='ltr'>eodem</span> <span class='ocrx_word' id='word_1_150' title='bbox 520 1537 604 1592; x_wconf 88' lang='lat' dir='ltr'>Tiberi,</span> <span class='ocrx_word' id='word_1_151' title='bbox 616 1538 725 1598; x_wconf 91' lang='lat' dir='ltr'>inclytum</span> <span class='ocrx_word' id='word_1_152' title='bbox 736 1550 791 1581; x_wconf 92' lang='lat' dir='ltr'>ausa</span> <span class='ocrx_word' id='word_1_153' title='bbox 799 1534 853 1580; x_wconf 83' lang='lat' dir='ltr'>faoi·</span> <span class='ocrx_word' id='word_1_154' title='bbox 893 1559 894 1562; x_wconf 61' lang='lat'><em>=</em></span> 
     </span>
     <span class='ocr_line' id='line_1_22' title="bbox 186 1599 894 1664; baseline 0.007 -19"><span class='ocrx_word' id='word_1_155' title='bbox 186 1614 236 1646; x_wconf 87' lang='lat' dir='ltr'>nus.</span> <span class='ocrx_word' id='word_1_156' title='bbox 254 1599 317 1646; x_wconf 91' lang='lat' dir='ltr'>Inter</span> <span class='ocrx_word' id='word_1_157' title='bbox 327 1607 420 1648; x_wconf 75' lang='lat' dir='ltr'>caeterm</span> <span class='ocrx_word' id='word_1_158' title='bbox 430 1602 489 1649; x_wconf 89' lang='lat' dir='ltr'>enim</span> <span class='ocrx_word' id='word_1_159' title='bbox 498 1601 597 1664; x_wconf 86' lang='lat' dir='ltr'>virgines</span> <span class='ocrx_word' id='word_1_160' title='bbox 605 1603 670 1648; x_wconf 87' lang='lat' dir='ltr'>obses</span> <span class='ocrx_word' id='word_1_161' title='bbox 677 1601 737 1648; x_wconf 85' lang='lat' dir='ltr'>hosti</span> <span class='ocrx_word' id='word_1_162' title='bbox 745 1599 852 1646; x_wconf 75' lang='lat' dir='ltr'>Porsena</span> <span class='ocrx_word' id='word_1_163' title='bbox 893 1623 894 1650; x_wconf 80' lang='lat' dir='ltr'>l</span> 
     </span>
     <span class='ocr_line' id='line_1_23' title="bbox 187 1659 894 1729; baseline 0 -19"><span class='ocrx_word' id='word_1_164' title='bbox 187 1664 246 1718; x_wconf 81' lang='lat' dir='ltr'>data,</span> <span class='ocrx_word' id='word_1_165' title='bbox 266 1671 377 1712; x_wconf 89' lang='lat' dir='ltr'>nocturno</span> <span class='ocrx_word' id='word_1_166' title='bbox 396 1673 496 1729; x_wconf 91' lang='lat' dir='ltr'>tempore</span> <span class='ocrx_word' id='word_1_167' title='bbox 515 1667 638 1724; x_wconf 73' lang='lat' dir='ltr'>custodiam</span> <span class='ocrx_word' id='word_1_168' title='bbox 655 1679 752 1729; x_wconf 83' lang='lat' dir='ltr'>egressa,</span> <span class='ocrx_word' id='word_1_169' title='bbox 773 1678 853 1726; x_wconf 87' lang='lat' dir='ltr'>equum</span> <span class='ocrx_word' id='word_1_170' title='bbox 893 1659 894 1702; x_wconf 68' lang='lat' dir='ltr'>i</span> 
     </span>
    </p>
   </div>
   <div class='ocr_carea' id='block_1_3' title="bbox 106 1729 853 1796">
    <p class='ocr_par' dir='ltr' id='par_1_4' title="bbox 106 1729 853 1796">
     <span class='ocr_line' id='line_1_24' title="bbox 106 1729 853 1796; baseline 0.003 -24"><span class='ocrx_word' id='word_1_171' title='bbox 106 1767 110 1772; x_wconf 89' lang='lat'><em>.</em></span> <span class='ocrx_word' id='word_1_172' title='bbox 186 1730 323 1784; x_wconf 79' lang='lat' dir='ltr'>conscendit,</span> <span class='ocrx_word' id='word_1_173' title='bbox 336 1731 445 1793; x_wconf 83' lang='lat' dir='ltr'>celerique</span> <span class='ocrx_word' id='word_1_174' title='bbox 455 1734 549 1796; x_wconf 89' lang='lat' dir='ltr'>trajectu</span> <span class='ocrx_word' id='word_1_175' title='bbox 557 1731 662 1786; x_wconf 88' lang='lat' dir='ltr'>fluminis,</span> <span class='ocrx_word' id='word_1_176' title='bbox 674 1745 720 1778; x_wconf 89' lang='lat' dir='ltr'>non</span> <span class='ocrx_word' id='word_1_177' title='bbox 731 1729 805 1776; x_wconf 87' lang='lat' dir='ltr'>solum</span> <span class='ocrx_word' id='word_1_178' title='bbox 817 1729 853 1775; x_wconf 92' lang='lat' dir='ltr'>ob-</span> 
     </span>
    </p>
   </div>
   <div class='ocr_carea' id='block_1_4' title="bbox 185 1791 894 2696">
    <p class='ocr_par' dir='ltr' id='par_1_5' title="bbox 185 1791 894 1922">
     <span class='ocr_line' id='line_1_25' title="bbox 185 1791 894 1862; baseline 0.003 -23"><span class='ocrx_word' id='word_1_179' title='bbox 185 1793 279 1850; x_wconf 72' lang='lat' dir='ltr'>sidione,</span> <span class='ocrx_word' id='word_1_180' title='bbox 292 1795 332 1842; x_wconf 90' lang='lat' dir='ltr'>sed</span> <span class='ocrx_word' id='word_1_181' title='bbox 346 1795 413 1842; x_wconf 87' lang='lat' dir='ltr'>etiam</span> <span class='ocrx_word' id='word_1_182' title='bbox 427 1803 496 1850; x_wconf 89' lang='lat' dir='ltr'>metu,</span> <span class='ocrx_word' id='word_1_183' title='bbox 514 1797 608 1859; x_wconf 89' lang='lat' dir='ltr'>patriam</span> <span class='ocrx_word' id='word_1_184' title='bbox 621 1795 695 1862; x_wconf 89' lang='lat' dir='ltr'>puella</span> <span class='ocrx_word' id='word_1_185' title='bbox 709 1794 784 1850; x_wconf 84' lang='lat' dir='ltr'>solvit,</span> <span class='ocrx_word' id='word_1_186' title='bbox 800 1793 853 1842; x_wconf 79' lang='lat' dir='ltr'>viris</span> <span class='ocrx_word' id='word_1_187' title='bbox 893 1791 894 1798; x_wconf 71' lang='grc'>’</span> 
     </span>
     <span class='ocr_line' id='line_1_26' title="bbox 185 1858 894 1922; baseline 0.01 -17"><span class='ocrx_word' id='word_1_188' title='bbox 185 1858 262 1906; x_wconf 87' lang='lat' dir='ltr'>lumen</span> <span class='ocrx_word' id='word_1_189' title='bbox 273 1859 363 1907; x_wconf 80' lang='lat' dir='ltr'>virtum</span> <span class='ocrx_word' id='word_1_190' title='bbox 373 1860 519 1922; x_wconf 71' lang='lat' dir='ltr'>praeferendo.</span> <span class='ocrx_word' id='word_1_191' title='bbox 893 1859 894 1890; x_wconf 60' lang='lat'><em>³</em></span> 
     </span>
    </p>

    <p class='ocr_par' dir='ltr' id='par_1_6' title="bbox 186 1921 894 2563">
     <span class='ocr_line' id='line_1_27' title="bbox 219 1921 854 1988; baseline -0.003 -18"><span class='ocrx_word' id='word_1_192' title='bbox 219 1921 266 1988; x_wconf 80' lang='grc'><strong>(8.)</strong></span> <span class='ocrx_word' id='word_1_193' title='bbox 285 1923 365 1972; x_wconf 87' lang='lat' dir='ltr'>Redeo</span> <span class='ocrx_word' id='word_1_194' title='bbox 384 1940 444 1972; x_wconf 90' lang='lat' dir='ltr'>nunc</span> <span class='ocrx_word' id='word_1_195' title='bbox 460 1925 488 1972; x_wconf 84' lang='lat' dir='ltr'>ad</span> <span class='ocrx_word' id='word_1_196' title='bbox 504 1924 637 1980; x_wconf 88' lang='lat' dir='ltr'>Romulum,</span> <span class='ocrx_word' id='word_1_197' title='bbox 657 1923 702 1986; x_wconf 86' lang='lat' dir='ltr'>qui,</span> <span class='ocrx_word' id='word_1_198' title='bbox 720 1923 747 1970; x_wconf 91' lang='lat' dir='ltr'>ab</span> <span class='ocrx_word' id='word_1_199' title='bbox 763 1922 854 1970; x_wconf 82' lang='lat' dir='ltr'>Aemus</span> 
     </span>
     <span class='ocr_line' id='line_1_28' title="bbox 186 1986 854 2052; baseline -0.004 -15"><span class='ocrx_word' id='word_1_200' title='bbox 186 1986 356 2037; x_wconf 78' lang='lat' dir='ltr'>Caeninensium</span> <span class='ocrx_word' id='word_1_201' title='bbox 367 2005 421 2052; x_wconf 83' lang='lat' dir='ltr'>rege</span> <span class='ocrx_word' id='word_1_202' title='bbox 431 1989 460 2036; x_wconf 88' lang='lat' dir='ltr'>ad</span> <span class='ocrx_word' id='word_1_203' title='bbox 468 1989 616 2035; x_wconf 88' lang='lat' dir='ltr'>dimicandum</span> <span class='ocrx_word' id='word_1_204' title='bbox 624 1995 766 2051; x_wconf 85' lang='lat' dir='ltr'>provocatus,</span> <span class='ocrx_word' id='word_1_205' title='bbox 778 2003 854 2048; x_wconf 86' lang='lat' dir='ltr'>quarn-</span> 
     </span>
     <span class='ocr_line' id='line_1_29' title="bbox 187 2053 854 2114; baseline -0.004 -14"><span class='ocrx_word' id='word_1_206' title='bbox 187 2069 255 2114; x_wconf 88' lang='lat' dir='ltr'>quam</span> <span class='ocrx_word' id='word_1_207' title='bbox 265 2061 289 2100; x_wconf 90' lang='lat' dir='ltr'>et</span> <span class='ocrx_word' id='word_1_208' title='bbox 300 2069 393 2100; x_wconf 90' lang='lat' dir='ltr'>numero</span> <span class='ocrx_word' id='word_1_209' title='bbox 404 2061 427 2100; x_wconf 92' lang='lat' dir='ltr'>et</span> <span class='ocrx_word' id='word_1_210' title='bbox 435 2053 566 2100; x_wconf 81' lang='lat' dir='ltr'>fortitudine</span> <span class='ocrx_word' id='word_1_211' title='bbox 577 2054 672 2100; x_wconf 90' lang='lat' dir='ltr'>rnilitum</span> <span class='ocrx_word' id='word_1_212' title='bbox 683 2053 820 2114; x_wconf 85' lang='lat' dir='ltr'>superiorem</span> <span class='ocrx_word' id='word_1_213' title='bbox 831 2065 854 2097; x_wconf 84' lang='lat' dir='ltr'>se</span> 
     </span>
     <span class='ocr_line' id='line_1_30' title="bbox 187 2117 894 2180; baseline -0.003 -16"><span class='ocrx_word' id='word_1_214' title='bbox 187 2119 294 2173; x_wconf 83' lang='lat' dir='ltr'>crederet,</span> <span class='ocrx_word' id='word_1_215' title='bbox 310 2119 424 2180; x_wconf 88' lang='lat' dir='ltr'>tutiusque</span> <span class='ocrx_word' id='word_1_216' title='bbox 437 2124 485 2165; x_wconf 90' lang='lat' dir='ltr'>erat</span> <span class='ocrx_word' id='word_1_217' title='bbox 500 2125 549 2164; x_wconf 93' lang='lat' dir='ltr'>toto</span> <span class='ocrx_word' id='word_1_218' title='bbox 560 2133 611 2164; x_wconf 90' lang='lat' dir='ltr'>cum</span> <span class='ocrx_word' id='word_1_219' title='bbox 622 2117 728 2171; x_wconf 87' lang='lat' dir='ltr'>exercitu,</span> <span class='ocrx_word' id='word_1_220' title='bbox 740 2132 808 2178; x_wconf 86' lang='lat' dir='ltr'>quam</span> <span class='ocrx_word' id='word_1_221' title='bbox 819 2131 854 2162; x_wconf 84' lang='lat' dir='ltr'>so·</span> <span class='ocrx_word' id='word_1_222' title='bbox 893 2119 894 2122; x_wconf 75' lang='grc'>’</span> 
     </span>
     <span class='ocr_line' id='line_1_31' title="bbox 187 2177 894 2245; baseline -0.004 -17"><span class='ocrx_word' id='word_1_223' title='bbox 187 2183 243 2236; x_wconf 92' lang='lat' dir='ltr'>lum,</span> <span class='ocrx_word' id='word_1_224' title='bbox 262 2184 287 2229; x_wconf 90' lang='lat' dir='ltr'>in</span> <span class='ocrx_word' id='word_1_225' title='bbox 308 2184 378 2230; x_wconf 88' lang='lat' dir='ltr'>aciem</span> <span class='ocrx_word' id='word_1_226' title='bbox 400 2183 540 2238; x_wconf 84' lang='lat' dir='ltr'>descendere,</span> <span class='ocrx_word' id='word_1_227' title='bbox 561 2181 602 2229; x_wconf 76' lang='lat' dir='ltr'>sui</span> <span class='ocrx_word' id='word_1_228' title='bbox 618 2183 758 2245; x_wconf 86' lang='lat' dir='ltr'>potissimum</span> <span class='ocrx_word' id='word_1_229' title='bbox 779 2177 854 2228; x_wconf 74' lang='lat' dir='ltr'>dextri</span> <span class='ocrx_word' id='word_1_230' title='bbox 893 2205 894 2224; x_wconf 62' lang='lat' dir='ltr'>r</span> 
     </span>
     <span class='ocr_line' id='line_1_32' title="bbox 187 2233 894 2310; baseline -0.001 -18"><span class='ocrx_word' id='word_1_231' title='bbox 187 2261 255 2293; x_wconf 86' lang='lat' dir='ltr'>omen</span> <span class='ocrx_word' id='word_1_232' title='bbox 267 2247 369 2294; x_wconf 83' lang='lat' dir='ltr'>victoriae</span> <span class='ocrx_word' id='word_1_233' title='bbox 382 2249 460 2310; x_wconf 84' lang='lat' dir='ltr'>rapuit.</span> <span class='ocrx_word' id='word_1_234' title='bbox 484 2247 536 2295; x_wconf 86' lang='lat' dir='ltr'>Nec</span> <span class='ocrx_word' id='word_1_235' title='bbox 547 2247 636 2309; x_wconf 86' lang='lat' dir='ltr'>incepto</span> <span class='ocrx_word' id='word_1_236' title='bbox 646 2249 694 2310; x_wconf 72' lang='lat' dir='ltr'>eJus</span> <span class='ocrx_word' id='word_1_237' title='bbox 704 2245 808 2292; x_wconf 89' lang='lat' dir='ltr'>Fortuna</span> <span class='ocrx_word' id='word_1_238' title='bbox 819 2245 854 2292; x_wconf 86' lang='lat' dir='ltr'>de·</span> <span class='ocrx_word' id='word_1_239' title='bbox 893 2233 894 2276; x_wconf 60' lang='grc' dir='ltr'>Ῐ</span> 
     </span>
     <span class='ocr_line' id='line_1_33' title="bbox 186 2309 894 2372; baseline -0.001 -16"><span class='ocrx_word' id='word_1_240' title='bbox 186 2309 243 2356; x_wconf 81' lang='lat' dir='ltr'>fuit:</span> <span class='ocrx_word' id='word_1_241' title='bbox 265 2311 339 2357; x_wconf 85' lang='lat' dir='ltr'>occiso</span> <span class='ocrx_word' id='word_1_242' title='bbox 354 2312 413 2362; x_wconf 88' lang='lat' dir='ltr'>enim</span> <span class='ocrx_word' id='word_1_243' title='bbox 429 2315 528 2367; x_wconf 85' lang='lat' dir='ltr'>Acrone,</span> <span class='ocrx_word' id='word_1_244' title='bbox 544 2311 645 2372; x_wconf 82' lang='lat' dir='ltr'>fusisque</span> <span class='ocrx_word' id='word_1_245' title='bbox 658 2311 763 2365; x_wconf 84' lang='lat' dir='ltr'>hostibus,</span> <span class='ocrx_word' id='word_1_246' title='bbox 783 2311 855 2372; x_wconf 86' lang='lat' dir='ltr'>opima</span> <span class='ocrx_word' id='word_1_247' title='bbox 893 2319 894 2338; x_wconf 35' lang='grc' dir='ltr'>ἒ</span> 
     </span>
     <span class='ocr_line' id='line_1_34' title="bbox 188 2373 854 2434; baseline 0.003 -15"><span class='ocrx_word' id='word_1_248' title='bbox 188 2373 217 2420; x_wconf 91' lang='lat' dir='ltr'>de</span> <span class='ocrx_word' id='word_1_249' title='bbox 231 2389 259 2418; x_wconf 91' lang='lat' dir='ltr'>eo</span> <span class='ocrx_word' id='word_1_250' title='bbox 275 2375 344 2434; x_wconf 89' lang='lat' dir='ltr'>spolia</span> <span class='ocrx_word' id='word_1_251' title='bbox 357 2375 411 2423; x_wconf 85' lang='lat' dir='ltr'>Jovi</span> <span class='ocrx_word' id='word_1_252' title='bbox 426 2377 528 2424; x_wconf 86' lang='lat' dir='ltr'>Feretrio</span> <span class='ocrx_word' id='word_1_253' title='bbox 540 2377 622 2422; x_wconf 88' lang='lat' dir='ltr'>retulit.</span> <span class='ocrx_word' id='word_1_254' title='bbox 646 2376 765 2423; x_wconf 87' lang='lat' dir='ltr'>Hactenus</span> <span class='ocrx_word' id='word_1_255' title='bbox 779 2375 854 2431; x_wconf 88' lang='lat' dir='ltr'>istud;</span> 
     </span>
     <span class='ocr_line' id='line_1_35' title="bbox 188 2435 856 2503; baseline 0.004 -22"><span class='ocrx_word' id='word_1_256' title='bbox 188 2436 241 2496; x_wconf 89' lang='lat' dir='ltr'>quia</span> <span class='ocrx_word' id='word_1_257' title='bbox 255 2435 341 2496; x_wconf 78' lang='lat' dir='ltr'>publici</span> <span class='ocrx_word' id='word_1_258' title='bbox 355 2440 463 2500; x_wconf 85' lang='lat' dir='ltr'>religione</span> <span class='ocrx_word' id='word_1_259' title='bbox 476 2448 606 2488; x_wconf 85' lang='lat' dir='ltr'>consecrate</span> <span class='ocrx_word' id='word_1_260' title='bbox 617 2441 689 2488; x_wconf 83' lang='lat' dir='ltr'>virtus</span> <span class='ocrx_word' id='word_1_261' title='bbox 700 2437 761 2486; x_wconf 83' lang='lat' dir='ltr'>nulli</span> <span class='ocrx_word' id='word_1_262' title='bbox 771 2437 856 2503; x_wconf 82' lang='lat' dir='ltr'>privati</span> 
     </span>
     <span class='ocr_line' id='line_1_36' title="bbox 189 2499 579 2563; baseline 0.005 -17"><span class='ocrx_word' id='word_1_263' title='bbox 189 2499 316 2546; x_wconf 85' lang='lat' dir='ltr'>laudatione</span> <span class='ocrx_word' id='word_1_264' title='bbox 327 2502 419 2563; x_wconf 86' lang='lat' dir='ltr'>indiget.</span> <span class='ocrx_word' id='word_1_265' title='bbox 577 2510 579 2518; x_wconf 82' lang='lat'><em>&#39;</em></span> 
     </span>
    </p>

    <p class='ocr_par' dir='ltr' id='par_1_7' title="bbox 189 2559 855 2696">
     <span class='ocr_line' id='line_1_37' title="bbox 221 2559 855 2628; baseline 0.013 -22"><span class='ocrx_word' id='word_1_266' title='bbox 221 2559 271 2624; x_wconf 83' lang='lat'>(4.)</span> <span class='ocrx_word' id='word_1_267' title='bbox 283 2562 306 2608; x_wconf 88' lang='lat' dir='ltr'>A</span> <span class='ocrx_word' id='word_1_268' title='bbox 314 2562 415 2612; x_wconf 85' lang='lat' dir='ltr'>Romulo</span> <span class='ocrx_word' id='word_1_269' title='bbox 424 2568 546 2628; x_wconf 84' lang='lat' dir='ltr'>proximus,</span> <span class='ocrx_word' id='word_1_270' title='bbox 560 2567 679 2618; x_wconf 86' lang='lat' dir='ltr'>Cornelius</span> <span class='ocrx_word' id='word_1_271' title='bbox 691 2567 778 2618; x_wconf 82' lang='lat' dir='ltr'>Cossus</span> <span class='ocrx_word' id='word_1_272' title='bbox 786 2568 855 2616; x_wconf 85' lang='lat' dir='ltr'>eidem</span> 
     </span>
     <span class='ocr_line' id='line_1_38' title="bbox 189 2625 855 2696; baseline 0.011 -25"><span class='ocrx_word' id='word_1_273' title='bbox 189 2625 244 2672; x_wconf 88' lang='lat' dir='ltr'>Deo</span> <span class='ocrx_word' id='word_1_274' title='bbox 255 2627 324 2687; x_wconf 90' lang='lat' dir='ltr'>spolia</span> <span class='ocrx_word' id='word_1_275' title='bbox 334 2631 479 2686; x_wconf 84' lang='lat' dir='ltr'>consecravit,</span> <span class='ocrx_word' id='word_1_276' title='bbox 491 2649 542 2680; x_wconf 90' lang='lat' dir='ltr'>cum</span> <span class='ocrx_word' id='word_1_277' title='bbox 554 2635 662 2696; x_wconf 84' lang='lat' dir='ltr'>magister</span> <span class='ocrx_word' id='word_1_278' title='bbox 669 2635 768 2695; x_wconf 89' lang='lat' dir='ltr'>equitum</span> <span class='ocrx_word' id='word_1_279' title='bbox 777 2633 855 2679; x_wconf 88' lang='lat' dir='ltr'>ducem</span> 
     </span>
    </p>
   </div>
   <div class='ocr_carea' id='block_1_5' title="bbox 190 2687 857 2760">
    <p class='ocr_par' dir='ltr' id='par_1_8' title="bbox 190 2687 857 2760">
     <span class='ocr_line' id='line_1_39' title="bbox 190 2687 857 2760; baseline 0.016 -24"><span class='ocrx_word' id='word_1_280' title='bbox 190 2687 338 2747; x_wconf 78' lang='lat' dir='ltr'>Fidenatium,</span> <span class='ocrx_word' id='word_1_281' title='bbox 347 2691 371 2739; x_wconf 88' lang='lat' dir='ltr'>iu</span> <span class='ocrx_word' id='word_1_282' title='bbox 379 2694 426 2742; x_wconf 82' lang='lat' dir='ltr'>acie</span> <span class='ocrx_word' id='word_1_283' title='bbox 434 2709 575 2758; x_wconf 79' lang='lat' dir='ltr'>congressus,</span> <span class='ocrx_word' id='word_1_284' title='bbox 584 2699 739 2752; x_wconf 78' lang='lat' dir='ltr'>interemisset</span> <span class='ocrx_word' id='word_1_285' title='bbox 755 2697 857 2760; x_wconf 69' lang='lat' dir='ltr'>Magnus</span> 
     </span>
    </p>
   </div>
   <div class='ocr_carea' id='block_1_6' title="bbox 0 0 927 2982">
    <p class='ocr_par' dir='ltr' id='par_1_9' title="bbox 0 0 927 2982">
     <span class='ocr_line' id='line_1_40' title="bbox 0 0 927 2982; baseline 0 0"><span class='ocrx_word' id='word_1_286' title='bbox 0 0 927 2982; x_wconf 95' lang='lat' dir='ltr'> </span> 
     </span>
    </p>
   </div>
  </div>
 </body>
</html>
