1870 2990
193 149 270 208 VAL
284 149 421 208 Maxilll
437 149 549 200 Lulx.
568 151 629 238 Car,
641 157 679 202 tu
721 156 769 204 87⁵

101 295 189 328 merram
200 280 296 330 amsso.”
313 282 350 330 Ac
360 281 463 345 protinus
473 281 619 331 urbanitatem
630 283 683 331 dicti
692 284 770 332 crebro

100 346 201 394 anhelitu
215 347 374 394 mcbmnorum
391 354 531 410 prosecutus,
543 347 613 396 senile
622 355 702 413 guttiu
712 349 770 396 sale·

8 419 9 436 ¹
101 411 148 458 bris
159 411 249 472 spiritis
259 413 416 474 praegravavit·

56 505 57 512 ,
125 473 186 550 μ.)
203 475 237 522 At
251 475 369 531 maurus.
388 491 439 524 eum
457 476 481 522 ¹11
496 477 616 540 eremo
632 491 700 538 uret
715 492 770 540 cre·

8 541 9 544 ’
100 553 172 590 mrum
190 539 260 602 pueri,
280 555 326 601 quo
344 541 411 588 unice
427 541 590 600 delectabatur„
604 541 677 604 capite
694 543 768 604 posito

101 603 171 664 quieti
182 619 207 650 se
221 604 325 660 dedisset,
340 619 386 652 non
400 605 462 667 prius
475 606 596 653 decessisse
610 607 714 669 cognitus
724 613 767 662 est,

8 703 9 706 η
101 683 177 728 quam,
194 668 365 730 gymnasiarcbd
381 670 484 716 claudere
495 671 544 734 jam
562 687 614 718 eum
632 672 707 718 locum
725 687 768 718 vo-

97 732 169 786 lente,
187 734 336 794 nequidquam
356 734 496 782 excitaretm.
525 733 569 783 Cui
588 735 677 796 quidem
696 735 768 782 credi·

101 795 172 842 derim
183 795 260 853 eidem
271 798 408 861 benignitate
418 797 529 853 Deorum,
542 807 566 846 et
576 806 663 846 tantum
673 799 768 861 piicticae

54 883 59 892 ·
99 859 219 916 facrmdiae,
231 869 311 910 ettam
322 863 433 926 placidum
443 863 497 910 vite
507 863 583 918 finan,
595 865 734 910 attributum.

134 923 184 988 (8.)
202 926 266 974 Sicut
283 927 422 984 Anacreonti
440 943 536 988 quoque,
559 927 663 990 quamuis¹
683 935 766 975 statum

100 989 206 1037 humanae
215 991 270 1038 riter
277 992 369 1038 modum
378 1007 535 1054 supergresso;
546 1007 621 1054 quem,
633 1007 684 1038 urse
695 1007 767 1054 passae

8 1075 9 1116 r
101 1069 169 1102 succo
177 1060 256 1102 leuues
263 1062 286 1102 et
294 1056 364 1103 exiles
371 1056 452 1104 riuum
461 1057 562 1118 reliquias
569 1056 691 1111 foventem,
701 1057 767 1104 unius

98 1118 166 1180 grani
176 1119 310 1180 pertinacior
319 1120 343 1167 in
353 1120 420 1168 aridis
429 1120 529 1168 faucibus
536 1119 639 1185 [humor]
651 1121 765 1170 absumsit.

94 1227 97 1232 r
134 1181 185 1246 (9.)
201 1182 302 1246 Jungsm
318 1184 377 1240 iilos,
392 1199 449 1246 quos
463 1193 488 1232 et
500 1186 639 1249 propositum
654 1192 678 1231 et
691 1186 767 1232 exitus

100 1261 166 1309 pares
175 1247 236 1296 iecit.
254 1249 322 1304 Milo,
332 1247 484 1305 Crotoniates,
496 1265 548 1297 cum
556 1248 689 1296 iterfaciens
700 1264 767 1309 quer-

101 1325 154 1360 eum
170 1312 194 1362 in
212 1328 269 1376 agro
287 1314 364 1362 cunda
381 1314 466 1361 adactis
482 1313 558 1361 fissam
573 1314 666 1360 vidisset
671 1329 681 1370 ς
696 1313 767 1360 lretua

99 1375 191 1430 viribus,
200 1378 294 1424 accessit
303 1379 332 1426 ad
341 1393 397 1432 euna
409 1378 543 1439 incertisque
552 1378 654 1425 manibus
662 1377 767 1428 divellere

100 1447 195 1488 conatus
205 1448 253 1498 επις
270 1457 326 1502 quas
336 1443 407 1496 arbor,
420 1443 520 1489 excussis
531 1443 607 1490 cuneis
617 1441 641 1488 in
652 1456 715 1488 suam
726 1455 766 1488 na·

100 1511 175 1552 turam
192 1512 303 1560 resumta,
319 1506 457 1568 compressit,
473 1521 570 1568 cumque
584 1521 636 1556 oum
650 1513 685 1554 tot
698 1521 766 1571 εγω-

9 1585 11 1600 ¹
98 1569 157 1620 uicis
166 1569 247 1631 palmia
256 1570 398 1619 lacerandum
407 1569 460 1618 ieris
469 1572 571 1633 prebuit.

133 1630 197 1697 (10.)
215 1632 274 1681 Item
286 1633 421 1696 Polydamas
430 1636 520 1690 athleta,
534 1643 666 1698 tempestate
676 1635 766 1699 spelun-

98 1713 149 1746 cam
168 1697 243 1748 subire
260 1706 358 1753 concurs,
377 1698 447 1746 nimio
465 1706 489 1745 et
505 1700 578 1746 subito
595 1701 685 1746 incursu
701 1715 765 1761 aquae

9 1773 10 1806 l
96 1759 207 1812 labefacti
221 1760 255 1817 et,
271 1778 297 1810 ac
312 1769 398 1818 ruente,
414 1763 502 1810 caeteris
514 1763 632 1810 comitibus
641 1761 697 1826 tagl
706 1765 765 1825 peri-

97 1827 174 1876 culum
193 1826 321 1882 vitantibus,
342 1821 511 1881 solua'restitit,
532 1833 645 1888 tamquam
667 1827 765 1874 humeris

95 1891 146 1938 auis
156 1891 401 1938 totiusnrinoemolem
411 1897 584 1940 sustentaturus.
612 1890 765 1952 Sedpondere

96 1955 162 2004 onai
182 1970 277 2016 corpore
297 1957 395 2004 humans
416 1956 541 2018 potentiore
568 1969 664 2018 pressus,
688 1955 764 2002 imbris

95 2017 167 2068 missi.
189 2020 282 2081 petitam
307 2021 421 2074 latebram,
448 2020 557 2068 dementis
579 2018 619 2066 fati
638 2020 766 2081 sepulcrum

96 2084 182 2132 habtu't.
212 2082 313 2131 Possunt
326 2083 349 2132 lui
359 2085 458 2147 praebere
468 2085 636 2138 documentum,
648 2084 717 2130 nimio
728 2099 766 2130 ro·

96 2150 152 2196 bore
163 2149 323 2202 menbrorum,
339 2149 442 2210 vigorem
457 2150 539 2195 mentis
554 2150 671 2196 hebescere
676 2165 684 2206 ;
701 2149 763 2208 qunti

95 2214 209 2266 abnuente
218 2209 689 2276 Nnmriutriusquebonilsrgitionern3ne
697 2227 763 2274 supra
808 2215 811 2223 '

97 2276 216 2330 mortalem
234 2277 263 2322 sit
278 2275 415 2332 felicitatan,
432 2278 535 2326 eumdem
552 2277 764 2328 ardentissimum

98 2355 157 2397 ease,
168 2348 193 2390 et
202 2341 395 2405 sapientimimum.
