1842 2992
209 169 440 260 mmmmm
456 171 545 224 Lea-1.
564 171 626 228 css
641 181 663 228 1.
741 183 771 234 11

99 320 154 358 earo
172 305 256 355 nomeu
276 305 399 362 Quanam
419 307 564 370 virginesque
582 307 688 359 Vestales
710 326 773 366 aem

100 389 171 422 onere
180 373 264 435 partito
272 371 364 427 ferrent,
377 387 458 432 eosque
466 379 558 434 pontem
568 373 690 424 Sublicium
698 385 774 428 trans-

100 453 198 502 gressas,
208 447 232 485 et
240 438 330 491 olivum,
340 437 378 498 qui
386 437 447 484 ducit
454 438 482 484 ed
490 437 626 496 Janioulum,
638 438 775 495 deseendeie

87 504 240 566 incipientes,
253 501 282 548 L.
291 501 409 555 Alvanius,
421 502 520 563 plaustro
531 505 650 567 conjugem
659 515 682 554 et
690 507 772 558 liberos

98 570 193 622 vehens,
212 567 357 628 adspexisset,
373 567 464 628 propior
477 569 571 628 publieae
586 571 689 632 rellm'oni
704 589 771 636 quom

99 633 195 696 privatae
206 633 299 685 caritati,
312 631 365 684 suis,
378 639 403 678 ut
413 632 512 693 plaustro
520 633 686 692 descenderent,
698 639 772 702 impe-

100 699 159 744 rarit
166 715 174 755 ;
191 705 258 758 etque
268 697 292 742 ln
302 697 325 742 ld
336 696 435 758 virgines
446 704 469 743 et
482 713 545 745 sacro
558 699 670 761 imposito,
687 707 773 753 omisso

100 769 178 824 eoepto
188 762 274 814 itinere,
292 759 406 809 Caeretem
419 763 523 824 oppidum
534 765 649 826 pervexit:
670 769 706 815 ubi
718 785 771 817 oum
804 761 808 770 ¹

98 824 190 875 summi
203 826 347 872 veneratione
361 835 456 889 recepte,
474 826 539 889 groti
551 829 667 885 memorii,
684 835 712 880 ed
727 837 772 883 hoe

96 905 171 953 usque
194 897 282 952 tempus
303 891 435 952 hospitalem
456 893 617 939 humanitatem
639 902 767 948 testentura

95 957 151 1004 inde
165 956 225 1002 enim
240 956 368 1001 institutum
385 962 427 1009 eat,
446 971 509 1002 sacra
522 959 671 1007 cerimonias
685 966 769 1020 vocari,

96 1022 150 1084 quia
158 1019 271 1068 Ceretani
277 1029 310 1072 ea,
322 1019 417 1066 infracto
426 1020 552 1080 reipublicae
564 1029 631 1075 stetu,
643 1027 735 1086 perinde
743 1044 770 1076 ue

95 1087 200 1138 florente,
219 1085 344 1132 coluerunt·
368 1083 473 1137 Quorum
488 1092 577 1145 agreste
591 1087 645 1134 illud
660 1097 683 1136 et
698 1093 773 1139 sordi-

95 1153 152 1199 dum
166 1151 291 1212 plaustrum
306 1147 440 1210 tempestive
453 1163 530 1210 oepmx,
549 1151 667 1212 cujuslibet
680 1154 772 1219 fulgen.

95 1215 178 1263 tissimi
188 1214 328 1278 triumphalis
337 1214 417 1261 curris
427 1212 465 1261 vel
480 1215 602 1275 equeverit
615 1217 719 1281 gloriam,
733 1221 772 1270 rel

95 1281 249 1329 messuerit.

130 1341 194 1410 (ll.)
217 1342 305 1392 Eidem
326 1343 453 1408 reipublice
473 1350 613 1408 tempestate,
638 1346 667 1398 C.
685 1349 769 1401 Folius

94 1410 176 1460 Dorso
187 1409 330 1457 memorabile
338 1410 465 1473 exemplum
474 1419 569 1459 servate
578 1415 692 1478 religionis
700 1415 769 1466 dedit.

94 1476 211 1537 Namque,
228 1475 302 1522 Gallis
318 1473 454 1537 Capitolium
470 1475 627 1533 obsidentibus,
644 1495 673 1528 ne
684 1489 768 1530 etatum

93 1540 175 1590 Fabiae
182 1540 258 1604 gentis
267 1539 397 1587 sacrificium
405 1541 610 1602 interrumperetur,
624 1544 714 1594 Gabino
722 1549 768 1595 ritu

92 1608 191 1660 dnetm
203 1604 305 1652 manibus
315 1606 458 1666 humerisque
466 1619 528 1652 saera
535 1618 624 1668 gerens,
636 1623 676 1671 per
683 1613 770 1660 medios

92 1671 195 1718 hostiurm
207 1670 321 1723 stationes,
333 1669 357 1715 in
365 1669 504 1724 Quirinalem
514 1672 595 1719 collem
601 1677 704 1735 pervenit
710 1694 718 1734 3
730 1677 769 1723 ubi

91 1737 200 1783 omnim
217 1735 312 1781 solleuni
327 1746 391 1781 more
405 1735 508 1796 peractis,
526 1737 550 1782 in
567 1735 703 1800 Capitolium
716 1747 770 1803 post

91 1801 195 1848 divinem
205 1799 373 1846 venerationem
383 1799 509 1846 victricium
520 1813 633 1849 armorum
642 1806 734 1866 perinde
742 1817 771 1853 ae

91 1866 176 1919 vietor,
188 1865 260 1912 rediit.

127 1927 195 1994 (12.)
218 1929 309 1990 Magna
326 1927 487 1975 conservandae
506 1928 627 1990 religionis,
650 1932 718 1980 etiam
738 1931 767 1980 Ρ.

94 1993 205 2044 Cornelio
216 2001 240 2040 et
247 1993 326 2052 Beebio
333 1991 452 2055 Tamphilo
460 1993 596 2047 oonsulibus,
606 1995 664 2057 apud
671 1998 769 2058 majores

92 2065 186 2107 nostros
202 2065 254 2105 eote
269 2071 322 2104 eura
337 2064 386 2104 est:
412 2057 521 2118 siquidem
537 2057 564 2103 in·
577 2070 633 2121 egro
650 2059 680 2106 L.
692 2057 769 2108 Petilii

89 2125 174 2172 aeribre
188 2123 230 2168 aub
240 2121 344 2170 Janioulo
355 2122 477 2168 cultoribus
487 2123 646 2170 terram'oltius
657 2126 769 2172 versanti·

90 2192 144 2241 bus,
160 2189 246 2234 duobus
260 2187 318 2233 arola
332 2186 423 2248 lapideis
438 2188 538 2249 repertis,
555 2201 648 2249 quorum
663 2189 686 2237 in
697 2189 768 2239 alteri

90 2255 205 2316 scriptura
214 2251 324 2299 indioabat
331 2265 412 2314 eorpus
420 2251 506 2298 Numae
515 2251 628 2316 Pompilii,
640 2254 774 2320 Pomponis·

89 2319 141 2374 filii,
153 2318 238 2376 fuisse;
254 2317 278 2363 iu
291 2314 361 2364 alteri
373 2317 423 2364 libri
434 2317 541 2364 reconditi
552 2327 616 2366 eraut
627 2320 703 2370 Lah'ni
715 2339 766 2385 sep-

90 2393 141 2433 tem
157 2384 186 2430 de
196 2384 249 2445 jure
262 2379 401 2444 pontificum,
413 2381 552 2443 totidemque
565 2384 641 2432 Graeci
653 2387 685 2434 de
699 2387 767 2434 disei-

89 2446 155 2513 phut
176 2447 309 2510 sapientiae3
334 2445 429 2494 Latinos
450 2446 534 2510 magni
555 2449 670 2512 diligendi
693 2467 766 2498 esser-

87 2515 179 2564 vandot
189 2519 338 2569 curaverunt3
357 2509 461 2566 Grecos,
475 2513 527 2574 quie
539 2513 612 2575 aliqui
622 2529 652 2561 ex
661 2523 725 2577 parte
736 2515 765 2560 ad

86 2577 223 2628 solvendam
242 2577 374 2639 religionem
390 2577 501 2640 pertinere
518 2579 708 2634 existimabantur,
730 2579 762 2632 Q.

88 2645 196 2698 Petr'lius,
208 2649 293 2706 praetor
303 2643 407 2696 umus,
425 2657 455 2688 ex
469 2643 601 2690 auctoritate
611 2645 710 2698 aenmhs,
725 2657 766 2704 per

85 2709 230 2760 victimarius
241 2709 295 2770 igue
309 2705 376 2762 iacto,
392 2709 416 2754 in
427 2713 549 2816 00qu
560 2707 635 2769 populi
647 2707 762 2754 cremavit·

490 2786 510 2817 aa
522 2803 528 2816 .
