<?xml version="1.0" encoding="UTF-8"?>
<!DOCTYPE html PUBLIC "-//W3C//DTD XHTML 1.0 Transitional//EN"
    "http://www.w3.org/TR/xhtml1/DTD/xhtml1-transitional.dtd">
<html xmlns="http://www.w3.org/1999/xhtml" xml:lang="en" lang="en">
 <head>
  <title>
</title>
<meta http-equiv="Content-Type" content="text/html;charset=utf-8" />
  <meta name='ocr-system' content='tesseract 3.04.00' />
  <meta name='ocr-capabilities' content='ocr_page ocr_carea ocr_par ocr_line ocrx_word'/>
</head>
<body>
  <div class='ocr_page' id='page_1' title='image "./valeriimaximifa00kappgoog_0083.png"; bbox 0 0 1842 2992; ppageno 0'>
   <div class='ocr_carea' id='block_1_1' title="bbox 186 170 749 228">
    <p class='ocr_par' dir='ltr' id='par_1_1' title="bbox 186 170 749 228">
     <span class='ocr_line' id='line_1_1' title="bbox 186 170 749 228; baseline -0.002 -3"><span class='ocrx_word' id='word_1_1' title='bbox 186 177 219 225; x_wconf 77' lang='lat' dir='ltr'><strong>to</strong></span> <span class='ocrx_word' id='word_1_2' title='bbox 289 173 368 225; x_wconf 80' lang='lat' dir='ltr'>VAL.</span> <span class='ocrx_word' id='word_1_3' title='bbox 379 170 517 224; x_wconf 74' lang='lat' dir='ltr'><strong>maxim</strong></span> <span class='ocrx_word' id='word_1_4' title='bbox 534 173 588 225; x_wconf 81' lang='lat' dir='ltr'><strong>Lu.</strong></span> <span class='ocrx_word' id='word_1_5' title='bbox 600 173 635 225; x_wconf 77' lang='grc' dir='ltr'><strong>Π.</strong></span> <span class='ocrx_word' id='word_1_6' title='bbox 654 173 749 228; x_wconf 61' lang='lat' dir='ltr'><strong>Canii</strong></span> 
     </span>
    </p>
   </div>
   <div class='ocr_carea' id='block_1_2' title="bbox 183 301 855 498">
    <p class='ocr_par' dir='ltr' id='par_1_2' title="bbox 183 301 855 498">
     <span class='ocr_line' id='line_1_2' title="bbox 216 301 852 370; baseline 0 -18"><span class='ocrx_word' id='word_1_7' title='bbox 216 303 267 370; x_wconf 86' lang='lat'><em>(1.)</em></span> <span class='ocrx_word' id='word_1_8' title='bbox 284 303 312 352; x_wconf 86' lang='lat' dir='ltr'><strong>P.</strong></span> <span class='ocrx_word' id='word_1_9' title='bbox 324 301 443 353; x_wconf 85' lang='lat' dir='ltr'><strong>Cornelius</strong></span> <span class='ocrx_word' id='word_1_10' title='bbox 455 305 537 368; x_wconf 79' lang='lat' dir='ltr'><strong>Scipio,</strong></span> <span class='ocrx_word' id='word_1_11' title='bbox 548 305 585 353; x_wconf 88' lang='lat' dir='ltr'><strong>cui</strong></span> <span class='ocrx_word' id='word_1_12' title='bbox 597 306 669 353; x_wconf 83' lang='lat' dir='ltr'><strong>delata</strong></span> <span class='ocrx_word' id='word_1_13' title='bbox 677 303 793 368; x_wconf 80' lang='lat' dir='ltr'><strong>Carthago</strong></span> <span class='ocrx_word' id='word_1_14' title='bbox 804 303 852 352; x_wconf 76' lang='lat' dir='ltr'><strong>avi-</strong></span> 
     </span>
     <span class='ocr_line' id='line_1_3' title="bbox 184 370 855 433; baseline -0.004 -14"><span class='ocrx_word' id='word_1_15' title='bbox 184 378 234 419; x_wconf 88' lang='lat' dir='ltr'><strong>tum</strong></span> <span class='ocrx_word' id='word_1_16' title='bbox 243 384 370 431; x_wconf 79' lang='lat' dir='ltr'>cognomen</span> <span class='ocrx_word' id='word_1_17' title='bbox 381 370 448 424; x_wconf 86' lang='lat' dir='ltr'><strong>dedit,</strong></span> <span class='ocrx_word' id='word_1_18' title='bbox 460 372 572 418; x_wconf 85' lang='lat' dir='ltr'><strong>consalin</strong></span> <span class='ocrx_word' id='word_1_19' title='bbox 584 370 717 433; x_wconf 73' lang='lat' dir='ltr'><strong>Hispaniam</strong></span> <span class='ocrx_word' id='word_1_20' title='bbox 728 371 816 423; x_wconf 89' lang='lat' dir='ltr'><strong>missus,</strong></span> <span class='ocrx_word' id='word_1_21' title='bbox 826 378 855 417; x_wconf 82' lang='lat' dir='ltr'><strong>ut</strong></span> 
     </span>
     <span class='ocr_line' id='line_1_4' title="bbox 183 434 851 498; baseline -0.001 -16"><span class='ocrx_word' id='word_1_22' title='bbox 183 434 370 484; x_wconf 68' lang='lat' dir='ltr'><strong>insolentissimos</strong></span> <span class='ocrx_word' id='word_1_23' title='bbox 378 434 526 482; x_wconf 71' lang='lat' dir='ltr'><strong>Numantina</strong></span> <span class='ocrx_word' id='word_1_24' title='bbox 537 437 596 482; x_wconf 87' lang='lat' dir='ltr'><strong>urbis</strong></span> <span class='ocrx_word' id='word_1_25' title='bbox 607 435 704 498; x_wconf 88' lang='lat' dir='ltr'><strong>spiritus,</strong></span> <span class='ocrx_word' id='word_1_26' title='bbox 714 435 851 496; x_wconf 84' lang='lat' dir='ltr'><strong>superiorum</strong></span> 
     </span>
    </p>
   </div>
   <div class='ocr_carea' id='block_1_3' title="bbox 105 497 851 562">
    <p class='ocr_par' dir='ltr' id='par_1_3' title="bbox 105 497 851 562">
     <span class='ocr_line' id='line_1_5' title="bbox 105 497 851 562; baseline 0.003 -18"><span class='ocrx_word' id='word_1_27' title='bbox 105 532 109 544; x_wconf 92' lang='lat'>.</span> <span class='ocrx_word' id='word_1_28' title='bbox 185 499 268 547; x_wconf 91' lang='lat' dir='ltr'><strong>ducum</strong></span> <span class='ocrx_word' id='word_1_29' title='bbox 283 497 349 560; x_wconf 74' lang='lat' dir='ltr'><strong>culpi</strong></span> <span class='ocrx_word' id='word_1_30' title='bbox 362 500 465 554; x_wconf 84' lang='lat' dir='ltr'><strong>nutritos,</strong></span> <span class='ocrx_word' id='word_1_31' title='bbox 481 501 634 554; x_wconf 80' lang='lat' dir='ltr'><strong>contunderet,</strong></span> <span class='ocrx_word' id='word_1_32' title='bbox 650 500 729 547; x_wconf 86' lang='lat' dir='ltr'><strong>eodem</strong></span> <span class='ocrx_word' id='word_1_33' title='bbox 744 500 851 562; x_wconf 86' lang='lat' dir='ltr'><strong>temporis</strong></span> 
     </span>
    </p>
   </div>
   <div class='ocr_carea' id='block_1_4' title="bbox 182 564 853 1790">
    <p class='ocr_par' dir='ltr' id='par_1_4' title="bbox 182 564 853 1790">
     <span class='ocr_line' id='line_1_6' title="bbox 184 564 852 625; baseline -0.004 -13"><span class='ocrx_word' id='word_1_34' title='bbox 184 569 307 616; x_wconf 87' lang='lat' dir='ltr'><strong>momento,</strong></span> <span class='ocrx_word' id='word_1_35' title='bbox 320 579 364 625; x_wconf 94' lang='lat' dir='ltr'><strong>quo</strong></span> <span class='ocrx_word' id='word_1_36' title='bbox 375 571 448 611; x_wconf 86' lang='lat' dir='ltr'><strong>castra</strong></span> <span class='ocrx_word' id='word_1_37' title='bbox 454 565 552 619; x_wconf 74' lang='lat' dir='ltr'><strong>intrauit,</strong></span> <span class='ocrx_word' id='word_1_38' title='bbox 565 566 640 619; x_wconf 81' lang='lat' dir='ltr'><strong>edixit,</strong></span> <span class='ocrx_word' id='word_1_39' title='bbox 653 571 678 610; x_wconf 89' lang='lat' dir='ltr'><strong>ut</strong></span> <span class='ocrx_word' id='word_1_40' title='bbox 689 565 764 610; x_wconf 85' lang='lat' dir='ltr'><strong>omnia</strong></span> <span class='ocrx_word' id='word_1_41' title='bbox 772 564 852 619; x_wconf 68' lang='lat' dir='ltr'><strong>exhis,</strong></span> 
     </span>
     <span class='ocr_line' id='line_1_7' title="bbox 184 626 850 692; baseline 0 -17"><span class='ocrx_word' id='word_1_42' title='bbox 184 643 237 690; x_wconf 88' lang='lat' dir='ltr'><strong>quae</strong></span> <span class='ocrx_word' id='word_1_43' title='bbox 248 629 368 690; x_wconf 86' lang='lat' dir='ltr'><strong>voluptatis</strong></span> <span class='ocrx_word' id='word_1_44' title='bbox 380 626 447 676; x_wconf 78' lang='lat' dir='ltr'><strong>causi</strong></span> <span class='ocrx_word' id='word_1_45' title='bbox 457 637 583 692; x_wconf 87' lang='lat' dir='ltr'><strong>comparata</strong></span> <span class='ocrx_word' id='word_1_46' title='bbox 593 637 663 684; x_wconf 81' lang='lat' dir='ltr'><strong>erant,</strong></span> <span class='ocrx_word' id='word_1_47' title='bbox 675 628 815 675; x_wconf 80' lang='lat' dir='ltr'><strong>auferrentur</strong></span> <span class='ocrx_word' id='word_1_48' title='bbox 824 645 850 675; x_wconf 88' lang='lat' dir='ltr'><strong>ao</strong></span> 
     </span>
     <span class='ocr_line' id='line_1_8' title="bbox 184 693 853 749; baseline -0.003 -9"><span class='ocrx_word' id='word_1_49' title='bbox 184 694 376 740; x_wconf 85' lang='lat' dir='ltr'><strong>submoverentur·</strong></span> <span class='ocrx_word' id='word_1_50' title='bbox 404 693 466 740; x_wconf 83' lang='lat' dir='ltr'><strong>Nam</strong></span> <span class='ocrx_word' id='word_1_51' title='bbox 482 701 577 749; x_wconf 85' lang='lat' dir='ltr'><strong>constat,</strong></span> <span class='ocrx_word' id='word_1_52' title='bbox 595 702 643 742; x_wconf 90' lang='lat' dir='ltr'><strong>tum</strong></span> <span class='ocrx_word' id='word_1_53' title='bbox 661 694 784 740; x_wconf 84' lang='lat' dir='ltr'><strong>maximum</strong></span> <span class='ocrx_word' id='word_1_54' title='bbox 801 693 853 739; x_wconf 86' lang='lat' dir='ltr'><strong>inde</strong></span> 
     </span>
     <span class='ocr_line' id='line_1_9' title="bbox 183 758 850 813; baseline -0.001 -8"><span class='ocrx_word' id='word_1_55' title='bbox 183 759 312 805; x_wconf 86' lang='lat' dir='ltr'><strong>institorum</strong></span> <span class='ocrx_word' id='word_1_56' title='bbox 323 766 346 805; x_wconf 89' lang='lat' dir='ltr'><strong>et</strong></span> <span class='ocrx_word' id='word_1_57' title='bbox 356 759 452 805; x_wconf 84' lang='lat' dir='ltr'><strong>lixarum</strong></span> <span class='ocrx_word' id='word_1_58' title='bbox 463 775 588 813; x_wconf 90' lang='lat' dir='ltr'><strong>numerum,</strong></span> <span class='ocrx_word' id='word_1_59' title='bbox 598 775 650 806; x_wconf 91' lang='lat' dir='ltr'><strong>cum</strong></span> <span class='ocrx_word' id='word_1_60' title='bbox 661 759 747 804; x_wconf 90' lang='lat' dir='ltr'><strong>duobus</strong></span> <span class='ocrx_word' id='word_1_61' title='bbox 755 758 850 804; x_wconf 91' lang='lat' dir='ltr'><strong>millibus</strong></span> 
     </span>
     <span class='ocr_line' id='line_1_10' title="bbox 183 821 850 886; baseline -0.001 -15"><span class='ocrx_word' id='word_1_62' title='bbox 183 829 317 876; x_wconf 85' lang='lat' dir='ltr'><strong>scortomm,</strong></span> <span class='ocrx_word' id='word_1_63' title='bbox 330 823 415 870; x_wconf 80' lang='lat' dir='ltr'><strong>abiisse.</strong></span> <span class='ocrx_word' id='word_1_64' title='bbox 435 823 488 873; x_wconf 88' lang='lat' dir='ltr'><strong>Hac</strong></span> <span class='ocrx_word' id='word_1_65' title='bbox 499 824 558 886; x_wconf 90' lang='lat' dir='ltr'><strong>turpi</strong></span> <span class='ocrx_word' id='word_1_66' title='bbox 566 831 633 886; x_wconf 88' lang='lat' dir='ltr'><strong>atque</strong></span> <span class='ocrx_word' id='word_1_67' title='bbox 640 821 790 870; x_wconf 79' lang='lat' dir='ltr'><strong>erubescendi</strong></span> <span class='ocrx_word' id='word_1_68' title='bbox 800 837 850 870; x_wconf 89' lang='lat' dir='ltr'><strong>sen-</strong></span> 
     </span>
     <span class='ocr_line' id='line_1_11' title="bbox 183 887 850 950; baseline -0.003 -15"><span class='ocrx_word' id='word_1_69' title='bbox 183 887 231 935; x_wconf 82' lang='lat' dir='ltr'><strong>tini</strong></span> <span class='ocrx_word' id='word_1_70' title='bbox 238 888 381 935; x_wconf 80' lang='lat' dir='ltr'><strong>vacuefactus</strong></span> <span class='ocrx_word' id='word_1_71' title='bbox 389 896 465 936; x_wconf 87' lang='lat' dir='ltr'><strong>noster</strong></span> <span class='ocrx_word' id='word_1_72' title='bbox 473 889 591 944; x_wconf 85' lang='lat' dir='ltr'><strong>exercitus,</strong></span> <span class='ocrx_word' id='word_1_73' title='bbox 600 890 637 950; x_wconf 93' lang='lat' dir='ltr'><strong>qui</strong></span> <span class='ocrx_word' id='word_1_74' title='bbox 645 888 712 950; x_wconf 84' lang='lat' dir='ltr'><strong>paulo</strong></span> <span class='ocrx_word' id='word_1_75' title='bbox 720 895 780 942; x_wconf 86' lang='lat' dir='ltr'><strong>ante,</strong></span> <span class='ocrx_word' id='word_1_76' title='bbox 786 895 850 934; x_wconf 83' lang='lat' dir='ltr'><strong>metu</strong></span> 
     </span>
     <span class='ocr_line' id='line_1_12' title="bbox 183 951 850 1008; baseline 0 -9"><span class='ocrx_word' id='word_1_77' title='bbox 183 953 269 1008; x_wconf 89' lang='lat' dir='ltr'><strong>mortis,</strong></span> <span class='ocrx_word' id='word_1_78' title='bbox 287 952 381 999; x_wconf 84' lang='lat' dir='ltr'><strong>deformi</strong></span> <span class='ocrx_word' id='word_1_79' title='bbox 396 969 420 1000; x_wconf 87' lang='lat' dir='ltr'><strong>se</strong></span> <span class='ocrx_word' id='word_1_80' title='bbox 434 952 525 1000; x_wconf 88' lang='lat' dir='ltr'><strong>ioederis</strong></span> <span class='ocrx_word' id='word_1_81' title='bbox 540 954 587 1000; x_wconf 88' lang='lat' dir='ltr'><strong>ictu</strong></span> <span class='ocrx_word' id='word_1_82' title='bbox 603 953 759 1008; x_wconf 86' lang='lat' dir='ltr'><strong>maculaverat,</strong></span> <span class='ocrx_word' id='word_1_83' title='bbox 777 951 850 999; x_wconf 81' lang='lat' dir='ltr'><strong>erecti</strong></span> 
     </span>
     <span class='ocr_line' id='line_1_13' title="bbox 183 1015 851 1080; baseline -0.003 -14"><span class='ocrx_word' id='word_1_84' title='bbox 183 1018 274 1072; x_wconf 85' lang='lat' dir='ltr'><strong>virtute,</strong></span> <span class='ocrx_word' id='word_1_85' title='bbox 293 1015 441 1080; x_wconf 72' lang='lat' dir='ltr'><strong>recreatique,</strong></span> <span class='ocrx_word' id='word_1_86' title='bbox 458 1033 532 1065; x_wconf 87' lang='lat' dir='ltr'><strong>acrem</strong></span> <span class='ocrx_word' id='word_1_87' title='bbox 547 1019 608 1065; x_wconf 89' lang='lat' dir='ltr'><strong>illam</strong></span> <span class='ocrx_word' id='word_1_88' title='bbox 623 1025 646 1065; x_wconf 88' lang='lat' dir='ltr'><strong>et</strong></span> <span class='ocrx_word' id='word_1_89' title='bbox 661 1017 784 1064; x_wconf 81' lang='lat' dir='ltr'><strong>animosam</strong></span> <span class='ocrx_word' id='word_1_90' title='bbox 799 1017 851 1064; x_wconf 88' lang='lat' dir='ltr'><strong>Nu·</strong></span> 
     </span>
     <span class='ocr_line' id='line_1_14' title="bbox 183 1083 849 1144; baseline 0 -14"><span class='ocrx_word' id='word_1_91' title='bbox 183 1083 298 1138; x_wconf 86' lang='lat' dir='ltr'><strong>mantiam,</strong></span> <span class='ocrx_word' id='word_1_92' title='bbox 321 1083 429 1130; x_wconf 86' lang='lat' dir='ltr'><strong>incendiis</strong></span> <span class='ocrx_word' id='word_1_93' title='bbox 448 1090 557 1137; x_wconf 84' lang='lat' dir='ltr'><strong>exustam,</strong></span> <span class='ocrx_word' id='word_1_94' title='bbox 578 1083 691 1144; x_wconf 84' lang='lat' dir='ltr'><strong>minioque</strong></span> <span class='ocrx_word' id='word_1_95' title='bbox 708 1089 849 1144; x_wconf 83' lang='lat' dir='ltr'><strong>prostratam,</strong></span> 
     </span>
     <span class='ocr_line' id='line_1_15' title="bbox 183 1145 851 1210; baseline -0.006 -14"><span class='ocrx_word' id='word_1_96' title='bbox 183 1149 233 1196; x_wconf 79' lang='lat' dir='ltr'><strong>eolo</strong></span> <span class='ocrx_word' id='word_1_97' title='bbox 244 1145 348 1210; x_wconf 71' lang='lat' dir='ltr'><strong>aequauit.</strong></span> <span class='ocrx_word' id='word_1_98' title='bbox 368 1147 449 1209; x_wconf 82' lang='lat' dir='ltr'><strong>Itaque</strong></span> <span class='ocrx_word' id='word_1_99' title='bbox 459 1148 569 1210; x_wconf 72' lang='lat' dir='ltr'><strong>neglectae</strong></span> <span class='ocrx_word' id='word_1_100' title='bbox 577 1148 698 1210; x_wconf 85' lang='lat' dir='ltr'><strong>disciplinae</strong></span> <span class='ocrx_word' id='word_1_101' title='bbox 706 1147 807 1193; x_wconf 83' lang='lat' dir='ltr'><strong>militaris</strong></span> <span class='ocrx_word' id='word_1_102' title='bbox 817 1149 851 1192; x_wconf 88' lang='lat' dir='ltr'><strong>in·</strong></span> 
     </span>
     <span class='ocr_line' id='line_1_16' title="bbox 182 1213 849 1270; baseline -0.003 -10"><span class='ocrx_word' id='word_1_103' title='bbox 182 1213 273 1267; x_wconf 88' lang='lat' dir='ltr'><strong>dicium,</strong></span> <span class='ocrx_word' id='word_1_104' title='bbox 286 1213 388 1261; x_wconf 83' lang='lat' dir='ltr'><strong>Mancini</strong></span> <span class='ocrx_word' id='word_1_105' title='bbox 399 1213 528 1262; x_wconf 87' lang='lat' dir='ltr'><strong>miserabilis</strong></span> <span class='ocrx_word' id='word_1_106' title='bbox 539 1213 635 1270; x_wconf 87' lang='lat' dir='ltr'><strong>deditio;</strong></span> <span class='ocrx_word' id='word_1_107' title='bbox 652 1218 747 1258; x_wconf 82' lang='lat' dir='ltr'><strong>servatae</strong></span> <span class='ocrx_word' id='word_1_108' title='bbox 757 1227 849 1267; x_wconf 83' lang='lat' dir='ltr'><strong>merces,</strong></span> 
     </span>
     <span class='ocr_line' id='line_1_17' title="bbox 184 1277 822 1341; baseline -0.003 -18"><span class='ocrx_word' id='word_1_109' title='bbox 184 1279 361 1341; x_wconf 88' lang='lat' dir='ltr'><strong>speciosissimus</strong></span> <span class='ocrx_word' id='word_1_110' title='bbox 373 1278 483 1339; x_wconf 84' lang='lat' dir='ltr'><strong>Scipionis</strong></span> <span class='ocrx_word' id='word_1_111' title='bbox 493 1277 619 1339; x_wconf 89' lang='lat' dir='ltr'><strong>triumphus</strong></span> <span class='ocrx_word' id='word_1_112' title='bbox 629 1278 721 1324; x_wconf 79' lang='lat' dir='ltr'><strong>exstitit.</strong></span> <span class='ocrx_word' id='word_1_113' title='bbox 819 1283 822 1290; x_wconf 93' lang='lat'>&#39;</span> 
     </span>
     <span class='ocr_line' id='line_1_18' title="bbox 217 1340 850 1404; baseline 0.003 -18"><span class='ocrx_word' id='word_1_114' title='bbox 217 1340 267 1404; x_wconf 79' lang='lat'><strong>(2.)</strong></span> <span class='ocrx_word' id='word_1_115' title='bbox 279 1341 337 1404; x_wconf 87' lang='lat' dir='ltr'><strong>Ejus</strong></span> <span class='ocrx_word' id='word_1_116' title='bbox 348 1348 431 1387; x_wconf 80' lang='lat' dir='ltr'><strong>sectam</strong></span> <span class='ocrx_word' id='word_1_117' title='bbox 440 1340 549 1388; x_wconf 88' lang='lat' dir='ltr'><strong>Metellus</strong></span> <span class='ocrx_word' id='word_1_118' title='bbox 557 1349 654 1395; x_wconf 88' lang='lat' dir='ltr'><strong>secutus,</strong></span> <span class='ocrx_word' id='word_1_119' title='bbox 666 1357 716 1388; x_wconf 90' lang='lat' dir='ltr'><strong>cum</strong></span> <span class='ocrx_word' id='word_1_120' title='bbox 729 1341 850 1388; x_wconf 87' lang='lat' dir='ltr'><strong>exercitum</strong></span> 
     </span>
     <span class='ocr_line' id='line_1_19' title="bbox 183 1403 852 1468; baseline 0 -16"><span class='ocrx_word' id='word_1_121' title='bbox 183 1407 208 1452; x_wconf 89' lang='lat' dir='ltr'><strong>in</strong></span> <span class='ocrx_word' id='word_1_122' title='bbox 220 1404 304 1459; x_wconf 74' lang='lat' dir='ltr'><strong>Ainea,</strong></span> <span class='ocrx_word' id='word_1_123' title='bbox 322 1403 461 1466; x_wconf 87' lang='lat' dir='ltr'><strong>Jugurthino</strong></span> <span class='ocrx_word' id='word_1_124' title='bbox 475 1406 540 1458; x_wconf 86' lang='lat' dir='ltr'><strong>bello,</strong></span> <span class='ocrx_word' id='word_1_125' title='bbox 559 1404 626 1453; x_wconf 72' lang='lat' dir='ltr'><strong>nimffi</strong></span> <span class='ocrx_word' id='word_1_126' title='bbox 642 1407 680 1468; x_wconf 89' lang='lat' dir='ltr'><strong>Sp.</strong></span> <span class='ocrx_word' id='word_1_127' title='bbox 692 1405 768 1452; x_wconf 80' lang='lat' dir='ltr'><strong>Albini</strong></span> <span class='ocrx_word' id='word_1_128' title='bbox 780 1406 852 1452; x_wconf 90' lang='lat' dir='ltr'><strong>indul·</strong></span> 
     </span>
     <span class='ocr_line' id='line_1_20' title="bbox 183 1467 852 1532; baseline 0 -16"><span class='ocrx_word' id='word_1_129' title='bbox 183 1467 261 1532; x_wconf 66' lang='lat' dir='ltr'><strong>gentici</strong></span> <span class='ocrx_word' id='word_1_130' title='bbox 276 1479 404 1530; x_wconf 88' lang='lat' dir='ltr'><strong>corruptum</strong></span> <span class='ocrx_word' id='word_1_131' title='bbox 421 1471 499 1516; x_wconf 87' lang='lat' dir='ltr'><strong>consul</strong></span> <span class='ocrx_word' id='word_1_132' title='bbox 514 1472 641 1532; x_wconf 75' lang='lat' dir='ltr'><strong>accepisset,</strong></span> <span class='ocrx_word' id='word_1_133' title='bbox 654 1471 756 1518; x_wconf 89' lang='lat' dir='ltr'><strong>omnibus</strong></span> <span class='ocrx_word' id='word_1_134' title='bbox 767 1471 852 1532; x_wconf 87' lang='lat' dir='ltr'><strong>imperii</strong></span> 
     </span>
     <span class='ocr_line' id='line_1_21' title="bbox 184 1533 852 1598; baseline 0.001 -17"><span class='ocrx_word' id='word_1_135' title='bbox 184 1533 260 1581; x_wconf 86' lang='lat' dir='ltr'><strong>nervis</strong></span> <span class='ocrx_word' id='word_1_136' title='bbox 278 1533 307 1579; x_wconf 87' lang='lat' dir='ltr'><strong>ad</strong></span> <span class='ocrx_word' id='word_1_137' title='bbox 326 1534 474 1580; x_wconf 86' lang='lat' dir='ltr'><strong>revocandam</strong></span> <span class='ocrx_word' id='word_1_138' title='bbox 493 1536 593 1597; x_wconf 83' lang='lat' dir='ltr'><strong>pristinae</strong></span> <span class='ocrx_word' id='word_1_139' title='bbox 611 1536 748 1598; x_wconf 88' lang='lat' dir='ltr'><strong>disciplinam</strong></span> <span class='ocrx_word' id='word_1_140' title='bbox 767 1536 852 1582; x_wconf 75' lang='lat' dir='ltr'><strong>mitius</strong></span> 
     </span>
     <span class='ocr_line' id='line_1_22' title="bbox 183 1597 852 1663; baseline 0.003 -18"><span class='ocrx_word' id='word_1_141' title='bbox 183 1597 291 1645; x_wconf 85' lang='lat' dir='ltr'><strong>connisus</strong></span> <span class='ocrx_word' id='word_1_142' title='bbox 305 1604 347 1644; x_wconf 86' lang='lat' dir='ltr'><strong>est.</strong></span> <span class='ocrx_word' id='word_1_143' title='bbox 377 1597 428 1646; x_wconf 87' lang='lat' dir='ltr'><strong>Nec</strong></span> <span class='ocrx_word' id='word_1_144' title='bbox 443 1600 543 1662; x_wconf 84' lang='lat' dir='ltr'><strong>singulas</strong></span> <span class='ocrx_word' id='word_1_145' title='bbox 556 1607 630 1663; x_wconf 85' lang='lat' dir='ltr'><strong>partes</strong></span> <span class='ocrx_word' id='word_1_146' title='bbox 645 1599 795 1662; x_wconf 77' lang='lat' dir='ltr'><strong>apprehendit,</strong></span> <span class='ocrx_word' id='word_1_147' title='bbox 814 1600 852 1647; x_wconf 85' lang='lat' dir='ltr'><strong>s&#39;ed</strong></span> 
     </span>
     <span class='ocr_line' id='line_1_23' title="bbox 183 1661 852 1727; baseline 0 -17"><span class='ocrx_word' id='word_1_148' title='bbox 183 1670 255 1710; x_wconf 87' lang='lat' dir='ltr'><strong>totam</strong></span> <span class='ocrx_word' id='word_1_149' title='bbox 274 1663 382 1711; x_wconf 85' lang='lat' dir='ltr'><strong>continuo</strong></span> <span class='ocrx_word' id='word_1_150' title='bbox 400 1663 424 1710; x_wconf 89' lang='lat' dir='ltr'><strong>in</strong></span> <span class='ocrx_word' id='word_1_151' title='bbox 440 1672 524 1711; x_wconf 87' lang='lat' dir='ltr'><strong>statum</strong></span> <span class='ocrx_word' id='word_1_152' title='bbox 541 1680 606 1711; x_wconf 88' lang='lat' dir='ltr'><strong>suum</strong></span> <span class='ocrx_word' id='word_1_153' title='bbox 624 1665 717 1727; x_wconf 86' lang='lat' dir='ltr'><strong>redegit.</strong></span> <span class='ocrx_word' id='word_1_154' title='bbox 744 1661 852 1722; x_wconf 82' lang='lat' dir='ltr'><strong>Protinus</strong></span> 
     </span>
     <span class='ocr_line' id='line_1_24' title="bbox 184 1727 850 1790; baseline 0.002 -17"><span class='ocrx_word' id='word_1_155' title='bbox 184 1741 281 1788; x_wconf 88' lang='lat' dir='ltr'><strong>namque</strong></span> <span class='ocrx_word' id='word_1_156' title='bbox 297 1727 354 1774; x_wconf 80' lang='lat' dir='ltr'><strong>lixas</strong></span> <span class='ocrx_word' id='word_1_157' title='bbox 368 1743 382 1776; x_wconf 92' lang='lat' dir='ltr'><strong>e</strong></span> <span class='ocrx_word' id='word_1_158' title='bbox 396 1730 474 1776; x_wconf 87' lang='lat' dir='ltr'><strong>castris</strong></span> <span class='ocrx_word' id='word_1_159' title='bbox 492 1729 610 1782; x_wconf 84' lang='lat' dir='ltr'><strong>submovit,</strong></span> <span class='ocrx_word' id='word_1_160' title='bbox 628 1730 745 1790; x_wconf 87' lang='lat' dir='ltr'><strong>cibumque</strong></span> <span class='ocrx_word' id='word_1_161' title='bbox 761 1737 850 1776; x_wconf 89' lang='lat' dir='ltr'><strong>coctum</strong></span> 
     </span>
    </p>
   </div>
   <div class='ocr_carea' id='block_1_5' title="bbox 182 1793 902 1857">
    <p class='ocr_par' dir='ltr' id='par_1_5' title="bbox 182 1793 902 1857">
     <span class='ocr_line' id='line_1_25' title="bbox 182 1793 902 1857; baseline -0.001 -16"><span class='ocrx_word' id='word_1_162' title='bbox 182 1793 285 1841; x_wconf 85' lang='lat' dir='ltr'><strong>venalem</strong></span> <span class='ocrx_word' id='word_1_163' title='bbox 296 1794 390 1857; x_wconf 90' lang='lat' dir='ltr'><strong>proponi</strong></span> <span class='ocrx_word' id='word_1_164' title='bbox 398 1795 478 1841; x_wconf 82' lang='lat' dir='ltr'><strong>vetuit.</strong></span> <span class='ocrx_word' id='word_1_165' title='bbox 498 1793 526 1840; x_wconf 92' lang='lat' dir='ltr'><strong>ln</strong></span> <span class='ocrx_word' id='word_1_166' title='bbox 537 1794 626 1856; x_wconf 83' lang='lat' dir='ltr'><strong>agmine</strong></span> <span class='ocrx_word' id='word_1_167' title='bbox 635 1795 746 1840; x_wconf 85' lang='lat' dir='ltr'><strong>neminem</strong></span> <span class='ocrx_word' id='word_1_168' title='bbox 754 1794 850 1840; x_wconf 84' lang='lat' dir='ltr'><strong>militum</strong></span> <span class='ocrx_word' id='word_1_169' title='bbox 901 1809 902 1848; x_wconf 81' lang='lat' dir='ltr'><strong>l</strong></span> 
     </span>
    </p>
   </div>
   <div class='ocr_carea' id='block_1_6' title="bbox 183 1851 902 1922">
    <p class='ocr_par' dir='ltr' id='par_1_6' title="bbox 183 1851 902 1922">
     <span class='ocr_line' id='line_1_26' title="bbox 183 1851 902 1922; baseline 0 -17"><span class='ocrx_word' id='word_1_170' title='bbox 183 1858 307 1906; x_wconf 88' lang='lat' dir='ltr'><strong>ministerio</strong></span> <span class='ocrx_word' id='word_1_171' title='bbox 317 1874 433 1906; x_wconf 87' lang='lat' dir='ltr'><strong>servorum</strong></span> <span class='ocrx_word' id='word_1_172' title='bbox 444 1861 643 1921; x_wconf 87' lang='lat' dir='ltr'><strong>jumentorumque</strong></span> <span class='ocrx_word' id='word_1_173' title='bbox 655 1859 692 1922; x_wconf 93' lang='lat' dir='ltr'><strong>(ut</strong></span> <span class='ocrx_word' id='word_1_174' title='bbox 705 1873 766 1904; x_wconf 90' lang='lat' dir='ltr'><strong>arma</strong></span> <span class='ocrx_word' id='word_1_175' title='bbox 778 1874 818 1905; x_wconf 85' lang='lat' dir='ltr'><strong>sua</strong></span> <span class='ocrx_word' id='word_1_176' title='bbox 828 1865 850 1905; x_wconf 86' lang='lat' dir='ltr'><strong>et</strong></span> <span class='ocrx_word' id='word_1_177' title='bbox 901 1851 902 1877; x_wconf 46' lang='lat' dir='ltr'><strong>l</strong></span> 
     </span>
    </p>
   </div>
   <div class='ocr_carea' id='block_1_7' title="bbox 174 1921 852 2252">
    <p class='ocr_par' dir='ltr' id='par_1_7' title="bbox 174 1921 852 2252">
     <span class='ocr_line' id='line_1_27' title="bbox 174 1921 852 1985; baseline -0.003 -14"><span class='ocrx_word' id='word_1_178' title='bbox 174 1924 288 1976; x_wconf 84' lang='lat' dir='ltr'><strong>¹alimenta</strong></span> <span class='ocrx_word' id='word_1_179' title='bbox 297 1923 339 1985; x_wconf 87' lang='lat' dir='ltr'><strong>ipsi</strong></span> <span class='ocrx_word' id='word_1_180' title='bbox 350 1921 446 1983; x_wconf 82' lang='lat' dir='ltr'><strong>ferrent)</strong></span> <span class='ocrx_word' id='word_1_181' title='bbox 458 1925 493 1970; x_wconf 84' lang='lat' dir='ltr'><strong>uti</strong></span> <span class='ocrx_word' id='word_1_182' title='bbox 501 1937 579 1984; x_wconf 88' lang='lat' dir='ltr'><strong>passus</strong></span> <span class='ocrx_word' id='word_1_183' title='bbox 590 1930 632 1977; x_wconf 70' lang='lat' dir='ltr'><strong>est,</strong></span> <span class='ocrx_word' id='word_1_184' title='bbox 660 1921 792 1970; x_wconf 88' lang='lat' dir='ltr'><strong>Castrorum</strong></span> <span class='ocrx_word' id='word_1_185' title='bbox 802 1924 852 1978; x_wconf 78' lang='lat' dir='ltr'><strong>sub-</strong></span> 
     </span>
     <span class='ocr_line' id='line_1_28' title="bbox 182 1986 852 2054; baseline -0.003 -18"><span class='ocrx_word' id='word_1_186' title='bbox 182 1989 235 2036; x_wconf 92' lang='lat' dir='ltr'><strong>inde</strong></span> <span class='ocrx_word' id='word_1_187' title='bbox 242 1990 317 2035; x_wconf 92' lang='lat' dir='ltr'><strong>locum</strong></span> <span class='ocrx_word' id='word_1_188' title='bbox 325 1988 436 2044; x_wconf 88' lang='lat' dir='ltr'><strong>mutavit;</strong></span> <span class='ocrx_word' id='word_1_189' title='bbox 447 1987 531 2040; x_wconf 88' lang='lat' dir='ltr'><strong>eadem,</strong></span> <span class='ocrx_word' id='word_1_190' title='bbox 544 1993 656 2046; x_wconf 85' lang='lat' dir='ltr'><strong>tamquam</strong></span> <span class='ocrx_word' id='word_1_191' title='bbox 667 1986 783 2054; x_wconf 78' lang='lat' dir='ltr'><strong>Jugurtha</strong></span> <span class='ocrx_word' id='word_1_192' title='bbox 794 2003 852 2034; x_wconf 83' lang='lat' dir='ltr'><strong>sern-</strong></span> 
     </span>
     <span class='ocr_line' id='line_1_29' title="bbox 182 2050 851 2117; baseline -0.004 -16"><span class='ocrx_word' id='word_1_193' title='bbox 182 2069 223 2117; x_wconf 89' lang='lat' dir='ltr'><strong>per</strong></span> <span class='ocrx_word' id='word_1_194' title='bbox 238 2054 333 2107; x_wconf 86' lang='lat' dir='ltr'><strong>adesset,</strong></span> <span class='ocrx_word' id='word_1_195' title='bbox 353 2053 413 2098; x_wconf 86' lang='lat' dir='ltr'><strong>vallo</strong></span> <span class='ocrx_word' id='word_1_196' title='bbox 428 2050 533 2111; x_wconf 76' lang='lat' dir='ltr'><strong>fassique</strong></span> <span class='ocrx_word' id='word_1_197' title='bbox 550 2051 664 2112; x_wconf 84' lang='lat' dir='ltr'><strong>aptissime</strong></span> <span class='ocrx_word' id='word_1_198' title='bbox 682 2052 759 2097; x_wconf 84' lang='lat' dir='ltr'><strong>cinxit.</strong></span> <span class='ocrx_word' id='word_1_199' title='bbox 789 2052 851 2106; x_wconf 81' lang='lat' dir='ltr'><strong>Quid</strong></span> 
     </span>
     <span class='ocr_line' id='line_1_30' title="bbox 181 2115 852 2181; baseline -0.004 -15"><span class='ocrx_word' id='word_1_200' title='bbox 181 2135 238 2181; x_wconf 84' lang='lat' dir='ltr'><strong>ergo</strong></span> <span class='ocrx_word' id='word_1_201' title='bbox 249 2119 352 2165; x_wconf 86' lang='lat' dir='ltr'><strong>restituta</strong></span> <span class='ocrx_word' id='word_1_202' title='bbox 361 2115 504 2168; x_wconf 84' lang='lat' dir='ltr'><strong>continentia,</strong></span> <span class='ocrx_word' id='word_1_203' title='bbox 514 2115 567 2176; x_wconf 91' lang='lat' dir='ltr'><strong>quid</strong></span> <span class='ocrx_word' id='word_1_204' title='bbox 574 2117 667 2177; x_wconf 77' lang='lat' dir='ltr'><strong>pepetita</strong></span> <span class='ocrx_word' id='word_1_205' title='bbox 674 2115 790 2171; x_wconf 87' lang='lat' dir='ltr'><strong>industria,</strong></span> <span class='ocrx_word' id='word_1_206' title='bbox 800 2133 852 2179; x_wconf 88' lang='lat' dir='ltr'><strong>pro-</strong></span> 
     </span>
     <span class='ocr_line' id='line_1_31' title="bbox 182 2179 852 2252; baseline -0.009 -22"><span class='ocrx_word' id='word_1_207' title='bbox 182 2183 254 2230; x_wconf 82' lang='lat' dir='ltr'><strong>iecit?</strong></span> <span class='ocrx_word' id='word_1_208' title='bbox 272 2179 368 2242; x_wconf 80' lang='lat' dir='ltr'><strong>Crebros</strong></span> <span class='ocrx_word' id='word_1_209' title='bbox 380 2181 463 2240; x_wconf 83' lang='lat' dir='ltr'><strong>scilicet</strong></span> <span class='ocrx_word' id='word_1_210' title='bbox 476 2181 586 2235; x_wconf 82' lang='lat' dir='ltr'><strong>victorias,</strong></span> <span class='ocrx_word' id='word_1_211' title='bbox 599 2187 621 2227; x_wconf 88' lang='lat' dir='ltr'><strong>et</strong></span> <span class='ocrx_word' id='word_1_212' title='bbox 632 2180 703 2242; x_wconf 83' lang='lat' dir='ltr'><strong>¹inulta</strong></span> <span class='ocrx_word' id='word_1_213' title='bbox 708 2186 803 2252; x_wconf 73' lang='lat' dir='ltr'><strong>,tropoea</strong></span> <span class='ocrx_word' id='word_1_214' title='bbox 812 2197 852 2243; x_wconf 65' lang='lat' dir='ltr'><strong>pc·</strong></span> 
     </span>
    </p>
   </div>
   <div class='ocr_carea' id='block_1_8' title="bbox 183 2310 744 2372">
    <p class='ocr_par' dir='ltr' id='par_1_8' title="bbox 183 2310 744 2372">
     <span class='ocr_line' id='line_1_32' title="bbox 183 2310 744 2372; baseline -0.004 -13"><span class='ocrx_word' id='word_1_215' title='bbox 183 2321 264 2364; x_wconf 81' lang='lat' dir='ltr'><strong>ratore,</strong></span> <span class='ocrx_word' id='word_1_216' title='bbox 278 2312 384 2358; x_wconf 87' lang='lat' dir='ltr'><strong>Romano</strong></span> <span class='ocrx_word' id='word_1_217' title='bbox 393 2311 458 2357; x_wconf 89' lang='lat' dir='ltr'><strong>militi</strong></span> <span class='ocrx_word' id='word_1_218' title='bbox 469 2310 544 2356; x_wconf 84' lang='lat' dir='ltr'><strong>videre</strong></span> <span class='ocrx_word' id='word_1_219' title='bbox 555 2325 600 2356; x_wconf 92' lang='lat' dir='ltr'><strong>non</strong></span> <span class='ocrx_word' id='word_1_220' title='bbox 612 2311 744 2372; x_wconf 86' lang='lat' dir='ltr'><strong>contigerat.</strong></span> 
     </span>
    </p>
   </div>
   <div class='ocr_carea' id='block_1_9' title="bbox 90 2373 851 2696">
    <p class='ocr_par' dir='ltr' id='par_1_9' title="bbox 90 2373 851 2696">
     <span class='ocr_line' id='line_1_33' title="bbox 216 2373 848 2440; baseline 0 -18"><span class='ocrx_word' id='word_1_221' title='bbox 216 2374 265 2440; x_wconf 83' lang='lat'>(8.)</span> <span class='ocrx_word' id='word_1_222' title='bbox 283 2375 348 2422; x_wconf 88' lang='lat' dir='ltr'><strong>Bene</strong></span> <span class='ocrx_word' id='word_1_223' title='bbox 361 2377 428 2422; x_wconf 85' lang='lat' dir='ltr'><strong>etiam</strong></span> <span class='ocrx_word' id='word_1_224' title='bbox 442 2376 474 2421; x_wconf 93' lang='lat' dir='ltr'><strong>illl</strong></span> <span class='ocrx_word' id='word_1_225' title='bbox 488 2375 609 2438; x_wconf 72' lang='lat' dir='ltr'><strong>disciplina</strong></span> <span class='ocrx_word' id='word_1_226' title='bbox 626 2375 715 2422; x_wconf 87' lang='lat' dir='ltr'><strong>militari</strong></span> <span class='ocrx_word' id='word_1_227' title='bbox 729 2373 848 2430; x_wconf 81' lang='lat' dir='ltr'><strong>affuerunt,</strong></span> 
     </span>
     <span class='ocr_line' id='line_1_34' title="bbox 181 2440 851 2502; baseline 0 -15"><span class='ocrx_word' id='word_1_228' title='bbox 181 2441 227 2502; x_wconf 89' lang='lat' dir='ltr'><strong>qul,</strong></span> <span class='ocrx_word' id='word_1_229' title='bbox 245 2440 433 2486; x_wconf 86' lang='lat' dir='ltr'><strong>necessitudinum</strong></span> <span class='ocrx_word' id='word_1_230' title='bbox 444 2441 554 2502; x_wconf 86' lang='lat' dir='ltr'><strong>perruptis</strong></span> <span class='ocrx_word' id='word_1_231' title='bbox 566 2441 668 2494; x_wconf 87' lang='lat' dir='ltr'><strong>vinculis,</strong></span> <span class='ocrx_word' id='word_1_232' title='bbox 681 2440 789 2486; x_wconf 78' lang='lat' dir='ltr'><strong>adtioaem</strong></span> <span class='ocrx_word' id='word_1_233' title='bbox 800 2441 851 2488; x_wconf 82' lang='lat' dir='ltr'><strong>vin-</strong></span> 
     </span>
     <span class='ocr_line' id='line_1_35' title="bbox 90 2502 848 2566; baseline -0.001 -14"><span class='ocrx_word' id='word_1_234' title='bbox 90 2555 93 2564; x_wconf 31' lang='lat'><em>*</em></span> <span class='ocrx_word' id='word_1_235' title='bbox 115 2537 118 2542; x_wconf 87' lang='lat'>-</span> <span class='ocrx_word' id='word_1_236' title='bbox 181 2505 307 2564; x_wconf 80' lang='lat' dir='ltr'><strong>dictamque</strong></span> <span class='ocrx_word' id='word_1_237' title='bbox 322 2505 391 2558; x_wconf 76' lang='lat' dir='ltr'><strong>lasse,</strong></span> <span class='ocrx_word' id='word_1_238' title='bbox 411 2519 463 2550; x_wconf 90' lang='lat' dir='ltr'><strong>cum</strong></span> <span class='ocrx_word' id='word_1_239' title='bbox 481 2502 605 2566; x_wconf 78' lang='lat' dir='ltr'><strong>ignominii</strong></span> <span class='ocrx_word' id='word_1_240' title='bbox 623 2505 730 2551; x_wconf 86' lang='lat' dir='ltr'><strong>domuum</strong></span> <span class='ocrx_word' id='word_1_241' title='bbox 750 2519 848 2559; x_wconf 82' lang='lat' dir='ltr'><strong>suanm,</strong></span> 
     </span>
     <span class='ocr_line' id='line_1_36' title="bbox 181 2567 848 2630; baseline -0.003 -14"><span class='ocrx_word' id='word_1_242' title='bbox 181 2569 272 2630; x_wconf 78' lang='lat' dir='ltr'><strong>exigere</strong></span> <span class='ocrx_word' id='word_1_243' title='bbox 283 2583 329 2614; x_wconf 92' lang='lat' dir='ltr'><strong>non</strong></span> <span class='ocrx_word' id='word_1_244' title='bbox 340 2568 502 2616; x_wconf 88' lang='lat' dir='ltr'><strong>dubitaverunt.</strong></span> <span class='ocrx_word' id='word_1_245' title='bbox 531 2567 592 2615; x_wconf 90' lang='lat' dir='ltr'><strong>Nam</strong></span> <span class='ocrx_word' id='word_1_246' title='bbox 605 2567 632 2614; x_wconf 90' lang='lat' dir='ltr'><strong>P.</strong></span> <span class='ocrx_word' id='word_1_247' title='bbox 644 2568 749 2630; x_wconf 85' lang='lat' dir='ltr'><strong>Rupilius</strong></span> <span class='ocrx_word' id='word_1_248' title='bbox 760 2569 848 2622; x_wconf 86' lang='lat' dir='ltr'><strong>consul,</strong></span> 
     </span>
     <span class='ocr_line' id='line_1_37' title="bbox 179 2629 849 2696; baseline -0.006 -14"><span class='ocrx_word' id='word_1_249' title='bbox 179 2648 207 2682; x_wconf 85' lang='lat' dir='ltr'><strong>so</strong></span> <span class='ocrx_word' id='word_1_250' title='bbox 217 2632 275 2682; x_wconf 88' lang='lat' dir='ltr'><strong>bello</strong></span> <span class='ocrx_word' id='word_1_251' title='bbox 285 2632 345 2695; x_wconf 87' lang='lat' dir='ltr'><strong>quod</strong></span> <span class='ocrx_word' id='word_1_252' title='bbox 359 2629 469 2694; x_wconf 75' lang='lat' dir='ltr'><strong>iqsniltt</strong></span> <span class='ocrx_word' id='word_1_253' title='bbox 483 2647 534 2694; x_wconf 78' lang='lat' dir='ltr'><strong>curn</strong></span> <span class='ocrx_word' id='word_1_254' title='bbox 548 2632 650 2696; x_wconf 72' lang='lat' dir='ltr'><strong>fugitivis</strong></span> <span class='ocrx_word' id='word_1_255' title='bbox 661 2633 739 2696; x_wconf 81' lang='lat' dir='ltr'><strong>gessit,</strong></span> <span class='ocrx_word' id='word_1_256' title='bbox 753 2631 789 2688; x_wconf 86' lang='lat' dir='ltr'><strong>Q·</strong></span> <span class='ocrx_word' id='word_1_257' title='bbox 804 2632 849 2681; x_wconf 73' lang='lat' dir='ltr'><strong>Fa.</strong></span> 
     </span>
    </p>
   </div>
   <div class='ocr_carea' id='block_1_10' title="bbox 91 2245 901 2311">
    <p class='ocr_par' dir='ltr' id='par_1_10' title="bbox 91 2245 901 2311">
     <span class='ocr_line' id='line_1_38' title="bbox 91 2245 901 2311; baseline -0.004 -16"><span class='ocrx_word' id='word_1_258' title='bbox 91 2251 92 2256; x_wconf 75' lang='grc'>’</span> <span class='ocrx_word' id='word_1_259' title='bbox 182 2250 240 2311; x_wconf 86' lang='lat' dir='ltr'><strong>perit</strong></span> <span class='ocrx_word' id='word_1_260' title='bbox 250 2263 280 2294; x_wconf 88' lang='lat' dir='ltr'><strong>ex</strong></span> <span class='ocrx_word' id='word_1_261' title='bbox 290 2263 317 2294; x_wconf 89' lang='lat' dir='ltr'><strong>eo</strong></span> <span class='ocrx_word' id='word_1_262' title='bbox 328 2248 399 2300; x_wconf 86' lang='lat' dir='ltr'><strong>hoste,</strong></span> <span class='ocrx_word' id='word_1_263' title='bbox 413 2247 476 2308; x_wconf 77' lang='lat' dir='ltr'><strong>ouJus</strong></span> <span class='ocrx_word' id='word_1_264' title='bbox 486 2253 583 2308; x_wconf 81' lang='lat' dir='ltr'><strong>tergum,</strong></span> <span class='ocrx_word' id='word_1_265' title='bbox 596 2246 637 2293; x_wconf 86' lang='lat' dir='ltr'><strong>sub</strong></span> <span class='ocrx_word' id='word_1_266' title='bbox 649 2245 766 2292; x_wconf 88' lang='lat' dir='ltr'><strong>ambitioso</strong></span> <span class='ocrx_word' id='word_1_267' title='bbox 782 2247 851 2308; x_wconf 84' lang='lat' dir='ltr'><strong>impe·</strong></span> <span class='ocrx_word' id='word_1_268' title='bbox 900 2265 901 2274; x_wconf 52' lang='lat'>¹</span> 
     </span>
    </p>
   </div>
   <div class='ocr_carea' id='block_1_11' title="bbox 0 0 926 2992">
    <p class='ocr_par' dir='ltr' id='par_1_11' title="bbox 0 0 926 2992">
     <span class='ocr_line' id='line_1_39' title="bbox 0 0 926 2992; baseline 0 0"><span class='ocrx_word' id='word_1_269' title='bbox 0 0 926 2992; x_wconf 95' lang='lat' dir='ltr'><strong> </strong></span> 
     </span>
    </p>
   </div>
  </div>
 </body>
</html>
