1828 2982
188 183 265 232 VAL
280 182 418 234 Maxnul
436 182 488 232 Ian.
501 183 545 232 VI.
566 183 626 234 Car.
638 189 660 232 2.
713 193 762 238 229

89 314 137 365 Juli
150 313 238 368 caew,
256 331 297 377 pro
309 311 352 363 Cn
366 313 474 376 Pompeio
486 313 583 378 Magno,
596 316 707 376 quondam
718 334 759 381 ge.

89 395 144 428 nero
155 388 204 432 tuo,
216 381 240 426 in
251 380 317 426 tertio
328 381 375 442 eJuo
383 381 500 426 consulatu
509 381 624 441 pecuniam
637 385 757 444 rpopondi3

86 461 133 508 quo
142 445 236 492 nomine
242 458 303 491 nunc
310 445 415 506 appellor.
436 443 498 498 Quid
509 445 592 506 agam?
603 445 757 508 dependami”

87 509 167 557 Palam
179 517 247 570 atque
256 517 332 570 aperte
342 509 362 554 ei
373 510 482 556 bonorum
495 508 596 574 Bompeii
608 512 758 562 venditionem

87 574 251 636 exprobrando,
264 581 289 620 ut
299 589 314 620 u
324 573 426 620 tribunali
438 575 614 628 submoveretur,
632 585 755 626 meruerat:

84 640 126 686 aed
137 639 193 684 illud
203 637 250 700 ipsi
261 638 431 685 mansuetudine
441 639 517 686 mitius
524 647 602 701 pectrn
618 654 649 686 aen
660 641 756 690 ebenum

85 703 190 764 Pompeii
201 718 230 750 cx
241 719 282 750 ouo
292 703 347 749 lisco
359 704 415 749 solvi
422 703 497 766 jussit·

120 765 187 832 (12.)
205 768 235 814 A.
250 766 380 820 Cascellius,
397 768 432 814 uir
443 768 502 830 Juria
518 769 588 815 civilia
605 768 697 818 noientiia
710 772 755 820 cla-

86 849 133 887 rus,
151 831 353 894 quampericulose
370 831 505 880 contumax!
532 832 624 880 Nullius
640 837 755 884 enim.aut
781 887 783 894 Α

81 896 158 962 gratiri
168 903 207 943 aut
224 896 356 944 auctoritate
372 897 475 960 compelli
493 899 574 958 potuit,
594 906 619 944 ut
635 899 664 946 de
680 901 755 961 aliquit

80 977 160 1011 earum
172 977 252 1016 rerum,
261 976 315 1024 quaa
321 961 432 1009 triumviri
440 961 552 1016 dederant,
561 961 680 1010 fonnulem
689 980 752 1012 com-

79 1033 193 1091 ponerei;
210 1027 252 1072 hoc
261 1025 331 1072 animi
341 1027 427 1089 judicio
441 1026 543 1073 victoriae
559 1041 636 1072 eorum
646 1028 754 1078 beneficia

79 1099 148 1140 extra
166 1105 256 1138 omnem
275 1090 376 1138 ordinem
397 1091 474 1153 legum
493 1105 587 1152 ponens.
618 1091 680 1138 Idem
700 1109 752 1140 cum

82 1157 156 1205 multa
174 1155 202 1202 de
217 1152 365 1218 [temporibus
385 1154 495 1219 Caeaaria]
510 1156 600 1202 liberius
616 1156 751 1216 loqueretur,

59 1215 64 1224 ⁸
81 1222 194 1283 amicique
209 1235 239 1268 ne
248 1221 271 1267 id
286 1219 376 1273 iaceret,
394 1227 524 1278 monerent;
544 1219 622 1267 “duaa
639 1237 681 1275 res,
700 1237 752 1283 quae

78 1287 210 1336 bominibus
225 1287 370 1334 mannaimae
385 1285 520 1339 viderentur,
540 1299 646 1347 magnum
666 1287 706 1333 sibi
725 1287 752 1332 li-

78 1353 177 1402 centiam
188 1350 313 1415 praebere‚”
324 1351 445 1413 respondit,
464 1357 480 1380 “
488 1358 625 1399 senectutem
636 1359 660 1398 et
670 1352 752 1400 orbita-

355 1508 469 1556 Ertmto.

112 1611 163 1677 (1.)
182 1610 265 1660 lnaerit
282 1627 307 1659 ae
323 1614 391 1659 tentia
407 1613 461 1660 viris
477 1614 557 1660 mulier
567 1613 685 1676 alienigeni
697 1627 748 1662 nan·

76 1679 163 1744 guinis,
175 1693 235 1739 quae,
254 1676 382 1738 nPhilippo
396 1692 451 1740 rege
466 1679 589 1724 temulento
605 1679 749 1726 immerenter

76 1745 191 1795 hunnum,
204 1749 221 1772 ⁴‘
230 1741 380 1788 Provooarem
391 1741 420 1788 ud
431 1741 583 1804 Philippum,’'
595 1736 674 1803 inquit,
688 1743 749 1790 “aed

74 1805 201 1857 sobrium?
218 1805 328 1852 Excussit
339 1806 451 1868 crapulam
463 1807 574 1858 oscitanti,
592 1823 618 1853 ac
628 1805 749 1868 praeaentii

72 1874 143 1922 animi
165 1870 250 1918 ebrium
273 1870 410 1932 recipiscere,
430 1869 541 1930 causique
562 1869 691 1932 diligentius
713 1872 748 1916 in-

70 1935 156 2002 specti,
176 1936 296 1998 justiorem
320 1935 453 1982 sententiam
474 1934 533 1980 serre
554 1935 636 1997 ciiegit.
673 1933 748 1997 Igitur

70 2002 211 2064 nquitaoem,
229 2015 296 2061 quam
314 2000 434 2062 impetrare
450 2013 496 2046 non
506 2006 617 2061 potuerat,
635 2002 746 2057 extorait;

69 2067 148 2131 potius
167 2065 296 2127 presidium
316 2080 329 2112 u
347 2066 456 2120 libertate,
479 2079 545 2127 quam
565 2065 592 2111 ab
611 2062 746 2124 innocentii,

71 2137 184 2180 mulum·

105 2193 156 2260 (2)
174 2193 227 2243 Jtnn
238 2193 276 2240 illa
287 2209 333 2241 non
345 2195 417 2242 solum
433 2195 506 2250 sortis.
525 2195 564 2242 soil
579 2193 646 2240 etiam
664 2193 748 2240 urbana

68 2263 168 2312 iberiae
185 2251 409 2306 Senectutir'ultimae
421 2260 531 2323 quaedam,
543 2257 689 2320 Syracusanis
697 2273 747 2304 om-

68 2329 137 2374 nibus
148 2323 257 2385 Dionysii
269 2325 359 2384 tyranni
369 2325 463 2379 exitum,
481 2332 572 2387 propter
589 2323 680 2370 nimiam
697 2335 747 2369 mo-

69 2407 123 2439 rum
134 2388 277 2438 acerbitatem
290 2396 313 2436 et
323 2388 471 2436 intolerabilia
480 2405 555 2443 onera,
568 2389 627 2435 rotis
637 2396 746 2450 expeten-

72 2457 141 2508 tibus,
154 2453 202 2500 oola
212 2453 312 2514 qnotidie
328 2453 438 2500 matutino
449 2462 549 2516 tempore
560 2453 633 2506 Deos,
646 2461 671 2500 ul
683 2452 745 2498 inco-

71 2520 142 2568 lumia
156 2534 185 2566 ec
203 2518 243 2565 sibi
262 2525 376 2580 mperntca
392 2527 458 2573 cosei,
474 2521 557 2566 orabat.
589 2517 658 2572 Quod
676 2517 746 2564 ubils

73 2584 191 2648 cognovit,
209 2597 255 2628 non
270 2582 366 2630 debitam
378 2583 417 2630 ribi
428 2584 549 2630 adrniratua
559 2583 744 2635 benevolentiam,

73 2647 167 2698 arcessit
175 2662 235 2702 eum,
248 2654 278 2701 et,
290 2647 343 2708 quid
355 2648 386 2696 ita
396 2649 446 2703 hoc,
465 2655 503 2696 aut
513 2664 558 2710 quo
569 2663 611 2694 ouo
622 2647 702 2694 merito
712 2645 745 2692 su-

73 2723 142 2770 cerei,
160 2712 315 2774 interrogavit.
341 2711 402 2760 Tum
414 2713 458 2769 illa,
478 2721 493 2744 ‘⁶
505 2711 575 2761 Certa
586 2711 646 2767 eat,”
664 2711 744 2772 inquit,
