1828 2982
162 131 211 180 286
259 121 486 176 vanmraxtm
503 123 557 174 Lm.
569 124 628 174 Vll.
648 121 753 174 clas:

164 257 287 312 haurirem,
304 271 371 322 quam
381 256 481 302 umbram
492 257 544 319 ejus
552 260 741 304 consectarentur·
773 252 843 302 Idem

164 325 194 370 ab
211 321 376 370 adolescentulo
395 321 490 381 quodam
508 321 630 374 consultus,
648 328 724 367 utrum
742 333 842 368 uxorem
898 341 899 364 l

165 389 264 440 duceret,
277 402 305 432 an
317 402 341 432 se
352 387 413 432 omni
424 386 566 432 matrimonio
577 386 704 438 abstineret,
713 385 840 446 respondit,
898 407 899 418 r

167 459 243 500 utrum
254 466 332 497 eorum
345 449 443 504 fecisset,
455 457 557 498 acturum
571 450 733 512 poenitentiam.
762 457 779 478 “
792 447 841 496 llic
898 437 899 508 l

166 515 217 570 te,'’
234 515 312 576 inquit,
331 521 347 544 ⁸⁴
359 515 463 569 solitudo,
480 511 517 562 hic
535 516 624 568 orbitas,
641 511 678 561 bic
695 515 790 576 generis
807 514 843 560 in-
898 519 899 522 ’

166 580 253 632 teritis,
266 575 385 625 hicbaeres
396 579 481 626 alienus
492 580 599 641 excipiet:
619 579 786 642 illicperpetua
796 579 843 626 aol-
898 581 899 618 l

167 645 267 698 licitudo,
280 649 399 690 contextus
410 645 557 704 querelarum,
568 644 628 691 dotis
638 645 791 706 exprobratio,
808 643 842 692 al·

167 709 245 756 finium
261 725 330 770 grave
341 710 489 770 supercilium,
502 710 591 770 garrula
602 709 679 756 soeriis
689 710 779 771 lingua,
791 709 843 756 sub·
898 739 899 758 r

169 789 242 822 sessor
251 775 316 822 alieni
327 775 470 828 matrimonii,
479 774 578 820 incertus
585 773 705 820 liberorum
716 771 841 820 eventus.”
898 827 899 838 1

168 839 225 886 Non
239 854 317 900 passus
332 845 366 884 est
376 840 491 900 juvenem,
508 839 531 882 in
546 845 653 884 contextu
667 853 742 884 rerum
751 853 843 900 aspera-
898 841 899 892 ζ

170 919 227 956 rum,
241 903 375 963 quasilaetae
385 903 491 956 materiae,
503 900 705 948 faceredeleetum.
898 933 899 960 3

202 965 274 1022 Idem,
290 982 342 1014 cum
357 966 529 1013 Atheniensium
544 966 650 1014 scelerata
664 967 780 1018 umentia
790 970 842 1016 tris·
898 967 899 994 l

169 1039 219 1080 tem
230 1033 257 1080 de
268 1032 339 1094 capite
349 1033 397 1094 ejus
408 1031 540 1086 sententiam
551 1031 645 1085 tulisset,
657 1031 756 1093 fortique
767 1035 842 1080 animo

168 1105 195 1146 et
205 1097 316 1144 constanti
330 1097 394 1142 vultu
408 1097 522 1158 potionem
533 1097 614 1142 veneni
628 1113 641 1143 e
651 1111 722 1144 manu
732 1098 843 1146 carnificis
898 1105 899 1152 J

170 1163 300 1226 accepisset,
318 1161 408 1208 admoto
414 1163 463 1224 jam
473 1161 539 1207 labris
549 1161 637 1222 poculo,
649 1163 715 1207 uxori
727 1161 842 1225 Xanthip-
898 1211 899 1230 ,

169 1243 214 1290 pae,
232 1229 290 1274 inter
304 1225 382 1273 fletum
398 1233 421 1274 et
433 1225 615 1273 lamentationem
629 1226 761 1280 vociferanti
777 1229 842 1276 inno-
898 1233 899 1236 ’

123 1305 134 1318 ·
171 1299 259 1339 centem
268 1307 319 1338 eum
331 1293 460 1352 periturum,
478 1298 493 1320 ‘⁴
504 1291 580 1344 Quid?
592 1290 672 1353 ergo,”
683 1292 765 1352 inquit,
778 1301 840 1340 “noa
898 1325 899 1328 =

98 1387 100 1391 ,
171 1359 230 1404 centi
241 1358 296 1403 mihi
304 1357 360 1402 mori
370 1357 438 1403 satius
447 1371 496 1402 esse
504 1355 620 1402 duxistii’'
633 1355 840 1406 Immensamillam
898 1357 899 1360 ’

171 1423 308 1482 sapientiam,
325 1436 376 1481 quae
391 1436 420 1468 ne
433 1423 457 1468 in
472 1421 520 1484 ipso
531 1421 620 1482 quidem
631 1423 684 1469 vite
695 1436 792 1470 excessu
802 1425 840 1472 ob·

169 1485 242 1532 livisci
253 1485 287 1531 sui
297 1484 383 1546 potuit!

203 1546 252 1612 (2.)
271 1549 330 1610 Age,
348 1565 415 1610 quam
426 1551 547 1612 prudenter
558 1551 635 1606 Solon,
651 1551 774 1608 neminem,
786 1553 838 1602 dam

170 1613 243 1660 adhuc
253 1614 346 1666 viveret,
358 1615 446 1662 beatum
458 1617 501 1664 dici
512 1617 591 1664 debere
604 1617 763 1676 arbitrabatur3
781 1620 839 1680 quod

169 1679 198 1726 ad
209 1679 311 1724 ultimum
323 1694 394 1740 usque
403 1679 443 1727 lati
458 1681 516 1728 diem
527 1681 616 1744 ancipiti
628 1681 737 1730 Fortunae
748 1684 839 1748 subjecti

168 1759 278 1791 essemus.
298 1743 421 1808 Felicitatis
432 1746 500 1810 igitur
508 1748 613 1794 humanae
623 1748 793 1810 appellationem
803 1765 839 1796 ro-

170 1825 215 1872 gus
234 1817 382 1866 consummat,
405 1812 442 1873 qui
462 1825 487 1858 ae
505 1813 603 1859 incursui
624 1813 734 1860 malorum
756 1815 835 1876 objicit.

171 1873 236 1922 Idem
250 1891 302 1922 cum
319 1890 348 1922 ex
365 1876 442 1923 amicis
458 1877 577 1938 quemdam
593 1878 692 1940 graviter
705 1869 840 1928 inminentem
898 1937 899 1940 Ἰ

168 1940 263 1994 videret,
281 1941 305 1987 in
322 1956 397 1988 arcem
413 1941 523 2004 perduxit,
540 1943 686 2004 hortatusque
700 1950 742 1998 eat,
760 1951 786 1991 ut
799 1961 837 2006 per
898 1957 899 1968 ¹

169 2019 249 2052 omnes
260 2006 409 2068 subjectorum
420 2006 564 2054 aediliciorum
575 2015 649 2069 partes
659 2008 738 2055 oculos
745 2009 836 2056 circam

159 2069 245 2117 'ferret
270 2069 469 2124 Quodutlactum
483 2069 836 2135 animadverut1‘cogitauuac
898 2079 899 2082 ’

170 2133 271 2189 tecum,”
288 2135 367 2196 inquit,
381 2143 397 2166 ‘⁴
405 2151 473 2198 quam
484 2138 550 2184 multi
560 2137 634 2184 luctus
645 2138 685 2184 sub
696 2138 731 2184 bis
741 2139 836 2186 tectiset
898 2153 899 2190 t

170 2199 224 2246 olim
243 2200 334 2255 luerint,
355 2200 464 2263 hodieque
485 2210 611 2257 versentur,
630 2203 836 2266 insequentibusque
898 2213 899 2230 ¹

170 2265 258 2312 saeculis
276 2266 321 2312 sint
337 2266 469 2314 habitaturi:
487 2283 514 2314 ac
528 2267 593 2314 mitte
609 2268 736 2314 mortalium
753 2269 835 2316 incom-
898 2277 899 2328 ζ

169 2329 243 2382 moda,
261 2337 375 2390 tamquam
386 2333 481 2394 propria,
494 2331 602 2379 deflere.”
625 2329 678 2388 Qui
687 2333 834 2382 consolatione
898 2331 899 2336 ’

169 2391 338 2458 demonstravit,
356 2395 421 2442 urbes
440 2412 489 2443 esse
505 2399 651 2444 humanarum
670 2397 765 2446 cladium
783 2415 833 2446 cou-

170 2461 232 2514 septa
251 2457 382 2506 miseranda.
412 2457 477 2506 ldem
497 2463 575 2516 aiebat,
596 2463 614 2510 si
633 2463 657 2508 in
675 2463 745 2510 u‘num
763 2463 833 2512 locum

169 2519 244 2562 cuncti
255 2519 314 2566 mala
324 2537 365 2568 sua
375 2525 529 2581 contulissent,
541 2526 648 2581 futurum,
661 2535 687 2574 ut
697 2529 785 2590 propria
798 2529 833 2576 de·

166 2587 256 2640 Ρθῐῑθῐθ
264 2581 362 2638 (imnum,
375 2603 441 2646 quam
450 2605 479 2636 ex
487 2593 602 2640 communi
610 2593 749 2640 miseriarum
757 2607 831 2641 acerra

167 2643 292 2704 P⁰¹il⁰¹¹0m
309 2663 371 2702 suam
387 2649 445 2706 ferre
458 2655 558 2703 mallent.
590 2657 644 2712 Quo
653 2657 778 2720 colligebat,
789 2673 830 2708 nnn
898 2655 899 2700 ἶ
