1842 2992
159 154 236 204 VAL.
245 149 383 204 MAXIMI
399 149 452 202 Lrs.
467 149 502 203 11.
522 151 582 204 (is-s.
593 159 619 202 g‚.
694 155 726 204 79

60 285 113 342 ro,”
125 284 205 346 lnquit,
224 291 239 316 ‘¹
247 281 330 338 Valeri,
342 290 396 338 ate,
408 284 435 338 si,
447 285 595 333 dimicandum
610 297 683 332 necne
692 299 729 333 es-

61 359 103 405 set,
113 349 231 397 contrariis
241 351 298 396 inter
309 365 350 395 vos
358 350 474 396 sententiis
487 349 640 404 dissedissetis,
652 357 729 396 utrum

60 417 122 478 quod
133 415 219 468 consul,
232 429 260 460 sn
275 415 334 474 quod
344 421 428 474 praetor
437 413 573 476 impetisset,
585 417 658 478 majus
668 415 731 461 bebi·

59 491 138 528 turum
148 478 217 526 fuerit
227 477 399 524 momentum?’'
417 477 543 539 Respondit
553 480 666 533 Valerius,
682 490 730 525 non

59 547 136 593 fecere
147 559 172 590 se
183 543 364 596 controversiam,
382 542 435 602 quin
450 545 534 604 priores
547 552 621 606 partes
632 543 731 590 consults

61 615 140 657 essent
148 607 238 654 luturae.
259 607 335 668 “Age
345 607 450 661 deinde,’'
462 609 533 668 inquit
545 608 668 662 Calatinus,
687 608 732 655 “si

60 675 151 721 diverse
161 671 258 732 auspicia
267 672 414 733 accepissetis,
424 673 487 734 cujus
498 675 570 736 magis
580 675 678 736 auspicio
686 681 733 720 ste-

60 735 160 786 retur?”
178 735 238 782 Item
249 737 362 797 respondit
373 735 490 784 Valerius:
511 745 527 767 ‘⁴
536 737 669 787 Consulis.”
697 739 733 784 At

57 804 139 866 judex,
158 799 243 854 “Jsm,
255 799 406 854 mehercule,”
418 801 496 862 inquit,
511 808 584 849 “curn
596 803 624 849 de
638 802 732 864 imperio

62 876 86 916 et
100 866 201 928 auspicio
218 865 277 912 inter
293 881 335 912 vos
349 866 530 926 disceptationem
548 868 689 928 susceperim,
708 873 733 914 et

60 941 87 979 tu
95 940 194 992 utroque
203 930 352 978 sdversarium
363 937 427 976 tuum
438 932 574 992 superiorem
583 931 653 978 fuisse
662 931 733 977 fates-

62 999 101 1052 ris,
113 997 171 1042 nibil
181 1002 223 1048 est,
235 995 295 1055 quod
305 995 398 1041 ulterius
409 995 514 1042 dubitem.
539 995 625 1055 Itaque,
644 994 730 1048 Lutati,

63 1061 167 1123 quamvis
178 1059 249 1106 adbuc
260 1060 363 1114 tacueris,
375 1059 497 1106 secundum
505 1066 529 1105 te
538 1059 600 1105 litem
612 1058 667 1104 do.'’
685 1058 734 1104 Mi-

63 1126 126 1174 rifice
133 1125 212 1188 judex,
231 1124 290 1185 quod
301 1125 325 1169 in
340 1123 459 1170 manifesto
476 1125 569 1184 negotio
584 1130 673 1184 tempus
691 1122 734 1168 teri

62 1205 144 1255 passus
155 1203 202 1235 non
213 1197 261 1236 est:
280 1189 412 1251 probabilius
427 1187 539 1242 Lutatius,
557 1188 617 1250 quod
629 1189 669 1250 jus
685 1199 735 1233 em·

16 1277 17 1280 ¹
62 1254 159 1318 piissimi
170 1253 261 1300 honoris
272 1261 400 1300 constanter
412 1251 523 1300 defendit:
543 1253 582 1299 sed
593 1267 622 1299 ne
630 1251 738 1299 Valerius

63 1320 155 1382 quidem
165 1318 280 1380 improbe3
297 1319 349 1378 quis
363 1317 428 1364 fortis
443 1325 466 1364 et
476 1333 589 1380 prosperae
599 1332 690 1380 pugnae,
708 1323 735 1364 at

63 1399 111 1432 non
122 1383 256 1445 legitimum,
268 1383 300 1428 ita
310 1398 335 1428 se
345 1383 445 1444 dignum,
457 1383 574 1444 praemium
585 1383 656 1445 petiit

98 1446 150 1513 (8.)
168 1446 231 1501 Quid
240 1446 308 1492 facies
320 1445 364 1494 Cn.
378 1445 459 1492 Fulvio
471 1447 560 1502 Flacco,
577 1448 616 1508 qui
631 1454 677 1494 tam
694 1461 735 1495 ex-

63 1513 188 1578 petendum
199 1512 248 1558 eliis
255 1511 361 1572 triumphi
371 1511 486 1566 honorem,
499 1513 611 1559 decretum
624 1513 663 1559 sibi
675 1527 688 1558 a
699 1525 735 1558 se·

63 1587 120 1626 netu
131 1579 161 1624 ob
171 1592 207 1624 res
215 1577 271 1622 bene
279 1583 362 1637 gestas,
372 1577 454 1636 sprevit
465 1592 490 1623 ac
501 1577 642 1639 repudiavit?
659 1577 737 1624 Nimi-

64 1659 116 1691 rum
125 1657 172 1688 non
180 1641 244 1703 plurs
251 1654 398 1702 praecerpens,
408 1655 475 1700 quam
485 1643 620 1690 ecciderunt.
639 1641 701 1688 Num
710 1647 736 1688 ut

65 1707 156 1755 Urbem
166 1706 265 1759 intravit,
277 1705 384 1751 continuo
399 1705 447 1766 ipse
462 1707 586 1766 quaestione
599 1705 688 1768 publici
703 1705 737 1752 ai-

65 1773 150 1824 dictus,
163 1770 358 1818 exsilionrultntus
369 1776 416 1816 est:
436 1777 461 1816 ut
479 1770 498 1816 si
513 1771 567 1831 quid
577 1771 692 1832 religionis
701 1771 738 1816 in-

66 1825 165 1885 'solentid
174 1835 329 1888 commisisset,
340 1832 408 1896 poenia
418 1835 524 1896 expiaret.

102 1899 151 1965 (4.)
170 1899 320 1962 Sapientiores
336 1899 406 1960 igitur
428 1897 460 1952 Q.
474 1898 577 1952 Fulvius,
595 1898 639 1958 qui,
659 1895 738 1958 Capud

67 1964 142 2029 capti,
155 1971 178 2011 et
187 1963 216 2012 L.
225 1964 335 2026 Opimius,
354 1965 399 2025 qui,
412 1963 553 2026 Fregellanis
564 1963 592 2008 sd
603 1962 738 2008 deditionem

65 2029 197 2092 compulsis,
209 2029 357 2090 triumphandi
364 2035 498 2090 potestatem
507 2034 606 2075 asenatu
613 2027 738 2089 petiemnts

65 2103 163 2156 uterque
172 2093 237 2140 editis
248 2094 350 2155 operibus
359 2093 506 2156 magnificum
524 2093 564 2140 sed
574 2100 654 2140 neuter
662 2091 740 2152 petitse

67 2161 101 2208 rei
112 2173 222 2221 compos;
239 2173 285 2204 non
296 2158 385 2220 quiden
396 2157 480 2205 invidiis
494 2157 588 2205 Patmm
600 2155 740 2217 conscripto·

68 2240 127 2279 nrm,
140 2223 178 2271 cui
193 2238 306 2284 nunquam
317 2224 401 2270 editum
411 2224 435 2269 in
447 2219 532 2287 [curii]
544 2237 594 2270 esse
604 2221 724 2269 voluerunt
730 2237 739 2279 ς

67 2290 110 2338 sed
121 2286 210 2336 summi
227 2287 341 2350 diligentid
355 2288 487 2336 observandi
500 2288 566 2351 juris,
586 2303 631 2348 quo
648 2293 739 2333 cautum

68 2361 125 2408 eret,
140 2361 173 2406 ut,
185 2368 227 2415 pro
238 2360 304 2400 aucto
313 2353 414 2416 imperio,
426 2353 473 2399 non
482 2369 525 2415 pro
536 2352 675 2416 recuperatis,
688 2365 741 2412 quae

69 2418 251 2483 populiRonrsni
259 2417 359 2472 luissent,
368 2419 493 2480 triumphus
501 2418 664 2466 decerneretur.
677 2415 742 2464 Ten-

69 2491 121 2532 tnm
131 2484 192 2532 enim
203 2484 303 2536 interest,
321 2484 409 2545 adjicias
420 2483 508 2542 aliquid,
525 2499 554 2530 an
571 2483 694 2530 detractum
707 2495 754 2530 re·.

67 2549 159 2604 zatun,
167 2556 276 2610 quantum
284 2549 351 2595 distat
356 2546 456 2594 beneficii
463 2547 550 2594 initium
559 2549 586 2595 ab
591 2548 679 2610 inJurire
686 2544 739 2590 line.

104 2611 154 2678 (5.)
167 2611 229 2668 Quin
240 2613 308 2660 etism
314 2615 361 2675 jus,
374 2612 401 2658 de
412 2626 456 2671 quo
466 2612 552 2673 loquor,
565 2613 596 2660 sic
607 2609 744 2658 custoditum

72 2685 117 2738 est,
137 2685 166 2728 ut
187 2676 216 2728 P.
233 2677 332 2742 Scipioni
351 2678 380 2726 ob
396 2683 536 2742 recuperem
555 2675 685 2740 Hispanias,
705 2669 743 2718 Μ.

568 2757 580 2786 s
