1842 2992
187 159 264 208 VAL.
278 157 419 212 ΜΑΧΙΜΙ,
431 159 484 206 Lus.
498 157 519 206 1.
538 157 598 208 Cur.
612 161 634 204 8.
711 159 740 204 41

78 289 141 350 plum
156 288 253 334 dicatum
268 295 310 342 est,
327 287 463 336 transnavit:
482 288 625 349 aduentuque
634 299 675 334 sno
685 291 745 334 teru-

78 360 197 414 perram,
209 353 353 400 ouiremedio
365 353 535 412 quaesituserat,
548 353 645 414 dispulit
735 377 738 382 ·

110 420 138 480 (3
139 415 161 476 .)
120 416 223 464 &Nec
233 409 307 463 minus
317 418 455 463 voluntarius
465 417 481 465 J
482 433 562 464 unorns
572 418 595 462 in
606 417 682 462 urbem
691 429 745 460 nos·

77 489 136 528 tram
154 482 268 528 transitus.
300 480 377 556 Captis
394 497 408 526 a
425 481 493 528 Furio
506 481 602 558 Camillo
612 481 683 534 Veiis,
701 477 744 524 mi-

77 546 146 594 lites
136 561 203 608 ιιιιιιιι
217 547 355 607 imperatoris
365 546 506 593 simulacrum
517 547 533 594 J
535 561 614 592 unoms
630 545 742 596 Monetae,

77 611 140 670 quod
157 611 186 656 ibi
203 609 315 672 praecipuri
332 611 438 672 religione
452 613 536 658 cultum
551 619 605 664 erat,
621 611 644 655 in
657 609 743 656 Urbem

77 675 187 726 tralaturi,
205 675 257 721 sede
272 673 312 720 sut
325 691 416 722 movere
429 677 570 722 conabantur.
601 675 705 728 Quorum
716 673 744 718 ab

79 753 126 784 uno
139 755 179 800 per
186 739 263 800 jocum
278 740 414 800 interrogata
428 739 487 794 Dea,
500 755 528 786 an
539 740 637 786 Romam
648 739 745 800 migrare

77 804 156 856 vellet,
169 803 235 850 Velle
244 819 269 850 se
280 805 399 864 respondit.
425 803 477 852 Hac
488 821 544 852 voce
554 802 635 858 audini,
647 804 709 849 lusus
720 803 754 853 in⁴

78 868 249 914 admirationem
266 883 344 914 versus
358 875 399 914 est.
428 868 525 944 Jamque
536 885 581 915 non
592 868 742 920 simulacrum,

79 932 143 978 sed
137 947 208 992 ipsam
225 933 284 978 coelo
299 931 412 980 Junonem
430 935 529 996 petitam,
549 939 637 1008 portare
656 948 680 978 se
696 945 745 977 cre-

77 997 165 1048 dentes,
177 996 240 1042 larti'
234 1011 258 1042 ιιι
269 1011 296 1042 ea
305 1004 368 1072 parte
378 999 461 1044 montis
470 998 604 1052 Aventinis
597 1012 621 1044 ιιι
633 995 676 1057 qua
683 1009 744 1042 nune
790 1055 791 1058 Ἴ

78 1061 219 1121 templum'
200 1075 248 1122 equs
258 1062 375 1114 cemimus,
388 1063 559 1108 collocaverunt.

111 1126 140 1187 (4
141 1122 289 1183 .)Fortunae
305 1127 371 1172 etiarn
387 1126 505 1172 Muliebris
520 1125 673 1177 simulacrum,
684 1123 745 1187 quorl

77 1195 115 1236 est
132 1187 170 1236 vit
187 1187 269 1236 Latinis
285 1189 313 1236 ad
330 1199 433 1250 quartum
450 1189 582 1242 milliarium,
600 1205 627 1235 eo
644 1195 745 1248 tempore

78 1269 133 1300 oum
151 1253 199 1299 aede
214 1251 254 1300 suti
267 1261 428 1308 consecratum,
446 1269 490 1316 quo
502 1251 646 1302 Coriolanum
662 1253 692 1300 ab
704 1265 744 1298 ex·
830 1276 832 1280 .
900 1297 905 1314 ‚

77 1317 137 1364 sidio
150 1316 219 1363 Urbis
235 1325 342 1366 maternae
358 1335 435 1380 preces
451 1319 585 1380 repulerunt,
603 1333 649 1364 nou
667 1317 743 1370 semel.

78 1383 119 1428 sed
137 1382 171 1428 bis
188 1383 287 1428 locutum
305 1384 411 1436 constitit,
429 1385 489 1445 prius
506 1385 541 1430 his
555 1384 641 1431 verbisr
661 1381 745 1430 “Rite

78 1461 123 1500 ιιιε,
137 1453 254 1500 matronae,
265 1447 368 1504 vidistin
385 1449 468 1508 riteque
479 1445 622 1496 dedicans?

113 1511 148 1574 (5
153 1508 164 1570 )
180 1510 273 1558 Valerio
290 1519 364 1560 autem
382 1511 496 1574 Poplicola
512 1513 610 1568 consule,
630 1511 674 1574 qui,
692 1517 745 1574 post

77 1581 172 1623 exaotm
190 1590 263 1637 reges,
282 1577 363 1622 bellum
385 1592 436 1622 cum
452 1577 583 1625 Veientibus
599 1583 622 1624 et
640 1577 745 1626 Etruscis

76 1640 158 1702 gessit,
175 1640 218 1685 illis
229 1639 352 1700 Tarquinio
366 1642 482 1702 pristinum
492 1643 609 1704 imperium
620 1643 744 1694 restituere.

76 1703 191 1752 Βοιιιιιιιὶε
203 1719 274 1765 nuper
289 1713 374 1766 partam
388 1706 510 1754 libertatern
525 1709 620 1754 retinere
635 1705 745 1768 cupienti·

76 1770 133 1825 bus3
154 1767 258 1814 Etruscis
271 1776 295 1815 et
310 1769 454 1830 Tarquinio'
448 1786 472 1816 ιιι
487 1787 556 1818 comu
574 1772 653 1818 dextro
663 1769 744 1831 proelio

77 1832 236 1907 auperiqribus,
254 1840 328 1880 tantus
340 1841 411 1880 terror
422 1835 511 1882 subito'
505 1835 601 1888 incessit,
614 1841 639 1880 ut
650 1849 695 1880 non
707 1847 745 1878 so·

76 1898 127 1944 lum
144 1897 241 1944 victores
258 1898 300 1958 ipsi
314 1898 464 1960 profugerent,
481 1899 521 1946 sed
535 1899 601 1946 etiam
611 1897 699 1958 pavoris
710 1895 745 1942 sui

77 1967 197 2008 consortes
208 1977 284 2008 secum
295 1961 402 2010 Veientes
413 1964 532 2009 traherent
560 1959 605 2009 Cui
616 1961 647 2007 rei
657 1975 699 2022 pro
709 1974 746 2006 ar·

76 2033 189 2088 gumento
206 2026 337 2074 miraculum
351 2028 467 2089 adjicitur3
483 2029 564 2090 ingens
575 2031 666 2086 repente
675 2037 746 2070 noxe

77 2088 184 2152 proximi
197 2089 254 2136 silvi
268 2089 342 2145 Arrii,
357 2107 408 2152 quse
423 2107 462 2139 ore
477 2091 581 2140 Silvani
575 2105 599 2136 sn
610 2091 669 2136 hunc
680 2101 746 2148 paene

76 2155 172 2202 modum
182 2155 251 2204 missa
261 2157 391 2202 traditurr‘
394 2156 465 2203 ‘Uno
481 2157 531 2218 plus
546 2155 637 2204 Etrusci
649 2152 743 2200 cedente

77 2219 199 2266 Romanus
210 2221 320 2266 exercitus
328 2221 400 2267 victor
411 2220 502 2266 abibit”
520 2220 605 2268 Miram
616 2217 669 2266 dicti
679 2216 745 2264 fidens

77 2284 169 2346 digesta
178 2298 273 2331 numero
283 2285 390 2346 cadavera
399 2283 525 2332 exhibuere.

112 2345 163 2411 (6.)
182 2347 261 2402 Quid?
278 2348 361 2396 Martis
378 2349 491 2403 auxilium,
509 2365 553 2410 quo
567 2349 684 2398 victoriam
695 2346 746 2396 Ro·

77 2427 198 2460 manorum
215 2413 306 2475 adjuvit,
324 2429 400 2460 nonne
410 2414 517 2460 memoria
506 2413 681 2462 celebrandurn
692 2411 746 2460 est?

79 2475 142 2526 Cum
152 2475 237 2522 Bruttii
251 2486 317 2540 atque
332 2479 418 2526 Lucani
434 2479 504 2525 odio
498 2479 658 2532 incitatissimo,
674 2475 746 2524 maxi-

78 2541 167 2616 mirque
182 2541 272 2596 viribus,
288 2543 397 2590 Tburinae
411 2544 470 2590 urbis
485 2551 586 2620 peterent
602 2544 701 2594 exitium,
719 2554 746 2586 ac

77 2605 194 2668 praecipuo
219 2607 293 2653 studio
314 2607 489 2656 incolumitatem
510 2609 558 2670 ejus
581 2606 609 2656 C·
631 2604 747 2654 Fabricius

79 2669 195 2718 Luscinus
211 2673 289 2720 consul
305 2680 440 2738 protegeret,
459 2687 538 2734 resque
552 2671 641 2735 ancipiti
654 2674 745 2721 eventu,
