1820 2982
163 183 241 236 vsa
255 187 392 237 nauum
409 185 461 236 ns
475 185 520 238 ιν.
540 186 600 268 cn.
611 191 634 236 a.
661 251 666 260 ¹
687 189 731 236 171

60 317 116 366 cala
130 319 160 364 ob
174 333 265 380 parvam
280 319 381 381 pecuniae
397 333 506 396 summam
517 323 639 394 erogatam,
651 315 733 364 adhoc

63 398 146 500 tiit,
155 381 734 510 iltttltfflmliimittffiit:

61 513 103 572 qui
115 527 167 557 cum
179 528 192 558 a
203 519 281 559 senatu
292 528 338 558 nou
348 519 513 574 praestarentur,
531 513 600 559 misso
610 512 634 558 in
647 509 733 558 Urbem

62 575 117 630 filio,
127 575 230 630 fundum,
240 592 305 638 quem
314 579 404 623 unicum
413 577 543 638 possidebat,
556 577 661 630 vendidit,
673 577 734 638 ejus·

60 639 733 769 titt:‘limitillniitsstulizinii}

61 771 102 832 (et
113 770 155 815 hoc
165 769 188 815 in
200 769 306 832 Pupinid)
318 771 417 825 addictis,
430 771 542 817 redactmr
549 787 557 827 ;
570 771 588 816 si
599 772 674 816 animo
682 785 734 816 ero·

63 834 149 895 gantis,
165 835 229 880 omni
247 834 341 898 pecuali
359 836 438 898 majus·
467 835 499 882 Se
517 835 576 881 enim
597 835 732 896 patrimonii,

61 913 132 959 quam
147 899 241 960 patriam
257 898 315 953 fidei,
330 901 419 961 inopem
431 915 480 946 esse
490 900 583 956 maluit3
600 915 628 944 eo
642 899 732 959 quidem

63 964 152 1024 majore
166 964 365 1019 commendatione,
377 965 437 1024 quod
447 964 512 1025 proni
523 963 589 1010 studii
604 963 687 1009 certius
698 964 734 1015 in-,

62 1028 149 1074 fficium
160 1035 195 1086 eqt
206 1044 272 1090 supra
281 1030 340 1076 vires
349 1028 399 1082 niti,
411 1043 477 1088 quam
488 1027 571 1074 viribus
582 1041 611 1073 ex
620 1026 679 1073 facili
691 1027 731 1072 uti.

62 1093 134 1139 aiter
148 1093 215 1146 erm,
231 1093 294 1154 quoa
309 1100 392 1156 potest,
410 1098 514 1155 praestat:
534 1091 591 1137 uter
603 1091 734 1152 sumplus
824 1139 825 1146 χ
870 1071 873 1082 ’

61 1171 133 1219 quam
144 1164 226 1217 potest.

98 1219 150 1283 (2.)
169 1220 248 1282 Itaque
266 1223 365 1286 ejusdem
379 1220 487 1283 temporis
502 1219 593 1274 femina,
611 1218 675 1267 Busa
692 1233 734 1266 no-

62 1287 134 1339 mine,
153 1286 252 1347 regionis
266 1295 340 1334 autem
356 1287 446 1349 Apuliae
460 1285 575 1339 ditissima,
590 1285 670 1332 merito
685 1285 734 1345 qui-

60 1352 116 1398 dem
134 1349 270 1398 liberalitatis
288 1353 441 1399 testimonium
461 1351 582 1412 receperit:
601 1350 641 1398 sed
659 1349 735 1396 excel-

61 1417 139 1462 lentes
150 1430 204 1476 opes
215 1430 267 1462 suas
277 1415 381 1463 Fabianis
395 1417 427 1464 rei
440 1415 553 1462 familiaris
563 1413 673 1477 angardis
688 1428 735 1460 non

62 1480 237 1542 comparaverit.
261 1479 331 1535 Nam,
347 1481 390 1528 etsi
405 1482 463 1528 circa
477 1480 554 1528 decem
568 1481 637 1529 millia
651 1479 734 1528 civium

62 1552 204 1598 nostrorum,
223 1543 349 1593 Cannensis
365 1547 438 1608 praelii
452 1546 560 1608 reliquias,
575 1544 736 1608 benignissime

62 1609 125 1656 intra
145 1606 260 1656 Canusina
278 1611 362 1657 moenia
378 1611 489 1658 alimentis
508 1612 656 1669 sustentavit3
673 1609 736 1656 salvo

62 1683 142 1721 tamen
154 1681 213 1719 statu
222 1672 362 1721 fortunarum
374 1689 470 1728 suarum,
482 1675 609 1724 munificam
621 1691 645 1722 se
652 1673 736 1736 populo

61 1739 173 1786 Romano
187 1739 297 1800 praestitit.
327 1738 417 1795 Fabius,
429 1740 571 1786 inhonorem
581 1740 668 1802 patriae,
679 1753 735 1800 pau-

61 1809 175 1866 pertatem
186 1801 260 1864 inopii
270 1805 373 1850 mutavit.

99 1864 149 1929 (8.)
167 1865 197 1912 In
209 1866 240 1921 Q,
253 1883 342 1928 quoque
353 1867 461 1916 Considio
478 1867 615 1914 saliberrimi
629 1867 733 1927 exempli,

62 1947 109 1978 nec
120 1931 169 1976 sine
179 1947 248 1992 parvo
259 1932 328 1993 ipsius
337 1931 420 1983 fructu,
433 1931 550 1976 liberalitas
562 1937 668 1976 annotata
682 1938 729 1976 ests

60 1996 110 2057 qui,
124 1993 229 2043 Catilinae
239 1995 315 2042 furore
322 1997 354 2042 ita
365 1991 506 2041 consternata
515 1992 634 2054 reprobet,
647 2001 672 2039 ut
683 2009 736 2040 nea

62 2059 214 2122 locupletibus
227 2060 316 2120 quidem
332 2060 411 2106 debitae
426 2057 533 2119 pecuniae,
549 2064 640 2118 propter
651 2059 735 2104 tumul·

61 2135 122 2178 tum,
138 2125 215 2185 pretiis
229 2124 394 2186 possessionum
409 2122 530 2175 diminutis,
548 2121 605 2168 solvi
620 2121 735 2168 creditori·

60 2192 107 2237 bus
127 2195 233 2250 posseat3
251 2204 302 2234 cum
319 2188 403 2234 centies
426 2194 494 2247 atque
513 2184 660 2246 quinquagies
680 2183 732 2232 HS.

62 2268 178 2301 summam
186 2253 209 2298 ia
217 2252 294 2299 fenore
302 2254 398 2303 baberet,
411 2265 483 2310 neque
494 2251 522 2296 de
532 2257 593 2297 sorte
601 2264 735 2310 quemquam

58 2319 190 2365 debitorum
205 2333 303 2370 suorum,
322 2332 394 2376 neque
409 2316 436 2362 de
451 2312 525 2368 usuri,
542 2330 555 2362 a
570 2315 616 2360 suis
630 2314 735 2378 appellari

58 2397 142 2446 passm
160 2389 208 2428 est:
227 2389 378 2441 quantumque
393 2381 417 2426 in
432 2381 481 2442 ipso
496 2379 546 2438 luit,
561 2379 736 2426 amaritudinem

57 2447 158 2510 publicae
175 2445 312 2492 confusionis
328 2442 415 2508 privata
431 2445 588 2506 tranquillitate
602 2443 714 2506 mitigavit
727 2462 735 2503 ς

57 2517 189 2573 opportune
199 2508 334 2571 mirificeque
347 2515 450 2563 testatus,
471 2523 613 2558 nummorum
629 2523 734 2564 suorum,
815 2518 819 2528 “

59 2589 111 2624 non
124 2574 198 2620 civilis
209 2575 331 2636 sanguinis,
344 2589 369 2620 se
379 2588 429 2621 ease
437 2573 594 2621 feneratorem·
617 2571 679 2629 lam,
697 2575 736 2634 qui

58 2653 126 2688 nunc
143 2639 255 2700 praecipue
272 2638 424 2700 negotiatione
437 2637 582 2693 delectantur,
601 2651 653 2686 cum
666 2653 736 2702 pecu

61 2703 127 2754 niam
143 2709 258 2750 cruentam
273 2703 364 2751 domum
380 2701 502 2758 retulerint,
515 2718 583 2766 quam
592 2702 738 2765 improbando
