1870 2990
192 161 270 212 vul.
284 159 422 212 inultm
439 161 494 212 In.
506 159 554 213 IX.
573 163 636 216 cnr.
651 171 688 217 12.
723 171 769 218 stt

162 375 222 427 c...
236 367 370 424 xn-oae'
380 375 498 426 nonu...
508 393 558 428 ...ι
568 377 707 440 mnam...

119 535 141 578 l.
160 530 223 578 Tulli
233 529 327 580 Hostilii
338 533 405 597 regis.
466 539 490 584 5.
509 535 539 587 L.
546 535 646 588 Cornelii
657 537 763 588 Meus.

116 600 140 642 2.
159 595 264 644 Duorum
275 606 378 646 matrerm.
392 650 404 670 ‘
466 605 489 648 6.
509 599 620 654 Herennii
632 603 708 652 Siculi.

93 699 97 705 .
116 665 141 708 8.
159 660 197 708 M.
211 661 312 710 Juventii
323 662 418 712 Tholnae
466 669 489 712 7.
508 665 590 717 Licinii
600 668 682 718 Moeri.

170 769 173 775 .
197 741 244 774 cos.
465 733 488 777 8.
508 728 608 784 Cornelii
619 733 688 787 Gelli,
700 740 724 782 et
731 732 761 780 Τ.

115 792 141 836 4.
161 787 290 844 audoni
301 788 384 840 Condi.
545 794 642 844 Haterii.

363 923 533 976 Eumenes.

117 1015 140 1058 l.
159 1007 247 1066 Comae,
258 1009 418 1072 Cleonisfugi-
465 1016 489 1058 6.
508 1011 655 1059 Philemonis.

196 1076 294 1124 rivorum
302 1075 417 1124 ducisirn·
465 1077 488 1124 7.
508 1075 606 1122 Pindari.
696 1111 698 1114 .

195 1140 244 1186 tris.
464 1144 487 1186 8.
506 1139 664 1187 Anacreontis.

113 1207 138 1252 2.
157 1201 353 1268 AEschylipiietre.
463 1209 485 1252 9.
505 1203 607 1258 Milonis,
618 1203 764 1254 Crotoniates.

113 1273 138 1317 3.
158 1267 263 1316 Homeri.
448 1271 485 1316 10.
505 1267 680 1330 Pulydamantis,
706 1269 762 1318 sco·

112 1337 136 1380 4.
155 1333 278 1396 Euripidis.
541 1333 614 1381 tusaei.

112 1401 137 1446 5.
158 1399 282 1462 Sophoclis.
407 1412 409 1417 ·

51 1559 53 1565 ,
125 1525 245 1574 Humane
255 1532 330 1574 nutem
338 1525 392 1575 vite
400 1526 551 1574 conditionem
559 1527 763 1590 proecipueprimus

92 1599 118 1640 et
128 1591 220 1638 ultimus
231 1592 277 1638 dies
288 1593 402 1650 continet3
414 1593 466 1654 quis
475 1594 595 1655 plurimum
603 1593 702 1646 interest,
712 1593 762 1654 qui·

92 1657 136 1705 bus
147 1655 250 1718 auspiciis
260 1655 383 1710 inuhtietur,
396 1663 420 1703 et
434 1671 479 1717 quo
493 1657 539 1704 tine
553 1658 674 1704 claudetur.
693 1655 762 1704 ldeo-

92 1736 139 1783 que
153 1735 205 1767 eum
216 1719 306 1766 demum
316 1719 403 1768 felicem
418 1719 487 1766 inisse
497 1721 631 1782 judicamus,
643 1722 678 1768 cui
690 1727 712 1768 et
723 1735 761 1768 no-

91 1784 761 1912 itnidtrtttititttstdginffdti
789 1820 793 1832 ·

92 1915 160 1968 rexit,
177 1913 245 1960 modo
256 1929 342 1976 aspero,
354 1913 422 1960 modo
433 1911 552 1972 tranquillo
563 1919 627 1958 motu
636 1913 758 1974 peragitur,

92 1994 134 2042 spe
145 1993 233 2040 semper
243 1979 323 2033 minor,
336 1979 388 2024 dum
400 1985 423 2025 et
433 1978 513 2040 cupide
522 1977 581 2023 votis
592 1977 725 2030 extenditur,
738 1982 761 2022 et

90 2044 140 2091 fere
150 2043 198 2090 sine
209 2043 294 2090 ratione
302 2042 447 2090 consumitur.
466 2041 535 2095 Nam,
546 2037 592 2104 [et]
601 2041 620 2086 si
628 2055 655 2088 eo
663 2041 720 2088 bene
728 2040 761 2087 uti

92 2108 157 2160 velis,
175 2107 242 2154 etium
257 2123 350 2170 parvum
365 2107 525 2170 amplissimum
539 2105 628 2160 efficies,
641 2117 758 2152 nnmerum

92 2186 205 2221 annorum
226 2172 368 2219 multitudine
388 2187 481 2283 pperum
500 2170 632 2233 superando.
667 2169 759 2230 Alioqui

93 2236 147 2300 quid
165 2235 245 2283 attinet
265 2236 331 2283 inerti
349 2251 387 2283 mo
430 2237 535 2300 gaudere,
555 2235 575 2281 ni
595 2233 668 2297 magis
689 2233 758 2280 ritum

91 2300 173 2363 exigis,
197 2315 263 2361 quum
285 2301 409 2364 approbas?
437 2301 489 2355 Sed,
512 2315 542 2348 ne
559 2299 650 2362 longius
668 2313 759 2361 evnger,

92 2380 172 2414 eorum
189 2365 327 2412 mentionem
341 2363 429 2421 seuam,
448 2366 486 2426 qui
505 2379 552 2412 non
570 2363 658 2427 wlgeri
676 2377 760 2427 genere

93 2430 174 2478 mortis
184 2429 280 2476 obsumti
290 2435 350 2476 sunt.

127 2491 277 2559 (1.)'1'ullus
296 2491 418 2546 Hostilius,
439 2492 534 2540 indmine
551 2493 617 2547 ictus,
641 2507 693 2540 cum
711 2487 760 2538 toti

93 2561 162 2608 domo
181 2557 334 2620 conilsgmrit.
371 2557 512 2619 singularem
530 2555 571 2603 isti
595 2555 693 2604 sortem!
717 2553 761 2617 qui

94 2623 183 2676 occidit,
200 2630 226 2669 nt
236 2624 340 2670 columen
351 2620 427 2675 Urbis,
439 2622 463 2667 in
480 2618 529 2682 ipsi
544 2619 607 2668 Urbe
617 2628 713 2682 raptum,
731 2633 760 2666 ne

94 2703 200 2754 supremo
217 2687 307 2750 quidem
325 2686 410 2736 turem
428 2687 513 2795 honor:
528 2699 543 2730 ι
560 2685 645 2733 civibus
661 2683 760 2734 deeornri

522 2753 569 2794 rs
