1828 2982
167 162 246 213 VAL·
259 161 397 213 Maxlnr
413 163 468 212 Lm.
481 161 513 212 V.
533 162 594 214 Car·
607 167 631 213 6.
673 161 737 213 ’207

61 301 145 346 opines
154 294 311 357 prolatissimis
321 294 400 342 animia
410 295 572 358 praestiterunt.
598 292 653 341 Non
668 293 737 358 igno·

62 359 226 413 tabentem,
243 359 314 422 captia
329 359 399 413 Veiis,
415 375 475 413 oum,
492 359 627 408 decimarum
643 360 736 408 nomine

62 439 119 486 quaa
144 422 255 472 &unlus
274 431 373 477 voverat,
397 439 476 470 aurum
499 424 600 486 Apollini
622 423 736 487 Delphico

64 489 125 536 mitti
132 495 253 551 oporteret,
266 503 339 549 neque
349 489 436 536 emendi
448 490 496 550 eJus
506 488 601 536 facultas
612 498 678 542 esset,
689 505 738 537 ma·

64 565 143 600 nonas
155 561 286 600 ornamenta
296 569 336 600 sua
347 555 370 598 in
382 553 484 600 aerariuln
496 554 610 600 retulisse:
625 555 739 600 similiter·

64 634 111 679 que
122 618 245 670 audierant,
257 618 319 664 mille
326 618 401 680 pondo
412 619 466 671 auri,
479 633 530 678 quae
542 619 616 665 Gallis
626 635 667 680 pro
678 619 738 666 obri-

64 685 134 730 dione
152 680 256 744 Capitolii
273 680 404 746 [promissa]
421 682 562 736 debebantur,
580 699 656 730 earum
675 685 738 731 cultu

64 748 165 809 expleta.
194 745 283 808 Itaque·
292 755 315 794 et
331 748 421 809 proprio
438 747 537 809 ingenio,
550 755 573 794 et
584 749 686 811 exemplo
697 765 739 796 ve-

64 812 158 858 tustatis
172 811 287 868 admoniti,
304 811 366 860 nulli
381 811 421 859 sibi
435 811 459 858 iu
474 813 644 860 recessendum
660 814 738 861 existi·

67 883 196 924 inventitia

65 966 84 980 ³
345 979 460 1028 Eatemu.

69 1115 72 1122 .
101 1068 153 1136 (l.)
171 1070 217 1118 Sed
227 1077 251 1117 et
260 1077 354 1118 externa
363 1070 463 1132 ejusdem
473 1069 581 1130 propositi
592 1071 694 1133 exempla
704 1081 739 1121 at-

66 1137 165 1198 tingam.
191 1135 245 1182 Rex
264 1134 437 1182 Atheniensium
458 1131 555 1186 Codrus,
578 1150 629 1180 cum
651 1137 739 1198 ingenti

64 1201 167 1248 hostiurn
174 1200 275 1246 exercitu
284 1200 362 1247 Attica
373 1199 435 1260 regio
447 1197 564 1250 debilitata,
576 1197 636 1244 ferro
647 1199 739 1262 ignique

63 1273 200 1318 murmur,
210 1262 331 1310 diffidentii
340 1263 431 1309 humani
439 1261 514 1308 auxilii
522 1262 551 1307 ad
559 1262 671 1324 Apollinis
680 1266 740 1314 Del.

64 1329 127 1392 phici
147 1329 261 1376 oraculum
277 1327 387 1389 confugit,
405 1341 490 1388 perque
508 1326 595 1388 legatos
615 1328 740 1379 sciscitatus

65 1402 110 1448 at,
128 1408 227 1454 quonam
243 1392 311 1438 modo
329 1391 385 1438 illud
403 1399 450 1438 tarn
467 1405 539 1453 grave
556 1392 639 1438 bellurn
659 1391 747 1444 discuti¹

64 1465 152 1522 posset.
174 1457 301 1519 Respondit
312 1455 387 1509 Deus,
406 1463 422 1486 ‘⁴
431 1455 468 1503 Ita
479 1454 546 1503 finem
557 1457 578 1504 ei
588 1456 644 1512 iore,
663 1460 681 1506 si
692 1461 740 1524 ipse

64 1523 145 1571 hostili
159 1535 228 1568 mauu
245 1519 386 1568 occidisset'’
412 1520 481 1575 Quod
498 1521 586 1582 quidem
604 1537 650 1569 nou
666 1527 739 1574 solum

66 1589 123 1636 totis
141 1587 315 1635 Atheniensium
330 1587 354 1631 in
368 1587 453 1639 castris,
472 1587 595 1633 sedetiam
613 1593 737 1646 contrariis,

64 1652 202 1716 percrebuit.
225 1651 306 1711 quue
320 1649 404 1696 facturn
416 1659 457 1704 eat,
470 1656 496 1696 ut
507 1651 637 1707 ediceretur,
650 1658 740 1718 nequis

67 1717 142 1766 Codri
153 1731 234 1776 corpus
245 1715 378 1762 vulneraret.
406 1713 434 1760 ld
445 1722 562 1776 postquam
574 1721 688 1779 cognovit,
701 1722 742 1768 de·
832 1779 835 1792 Ι

66 1782 150 1846 positia
163 1781 288 1841 insignibus
302 1779 395 1840 imperii,
411 1779 543 1824 famularem
559 1782 643 1826 cultum
659 1785 739 1842 induit,

66 1863 96 1894 ac
106 1846 259 1908 pabulantium
270 1845 368 1890 hostium
379 1843 447 1906 globo
459 1857 508 1888 sese
520 1845 615 1905 objecit3
627 1861 742 1909 unumque

67 1925 100 1960 ex
114 1911 156 1964 his,
174 1909 232 1956 falce
247 1923 385 1970 percussum,
403 1907 427 1952 in
444 1906 528 1952 caedem
545 1922 607 1953 suam
624 1914 740 1973 compulit.

69 1975 145 2038 Cujus
156 1974 254 2026 interitu,
267 1989 296 2020 ne
307 1973 405 2020 Athenae
417 1971 550 2024 occiderent,
563 1971 667 2021 ellectum
678 1985 720 2024 est,

104 2038 153 2104 (2.)
171 2040 210 2086 Ab
225 2037 304 2085 eodem
319 2037 383 2084 sonte
398 2035 487 2098 pietatis
503 2035 638 2096 Thrasybuli
653 2056 742 2102 quoque

69 2106 161 2153 animus
176 2103 282 2150 manavit.
309 2100 334 2148 Is
351 2117 402 2148 curn
419 2101 592 2152 Atheniensium
609 2106 686 2150 urbem
702 2109 743 2154 tri.

68 2171 136 2234 ginta
151 2176 298 2229 tyrannorum
313 2164 427 2212 teterrimi
438 2165 589 2212 donn'natione
599 2167 691 2216 liberare
702 2187 742 2218 ou-

68 2241 141 2298 peret,
154 2229 266 2294 parvique
276 2245 344 2276 manu
355 2230 460 2276 maximae
472 2231 503 2276 rei
514 2231 596 2282 molem
607 2235 743 2294 aggredere.

68 2308 114 2352 tur,
127 2297 250 2357 etquidem
262 2311 275 2342 e
286 2295 381 2341 consciis
392 2295 497 2341 dixisset:
513 2295 641 2348 “Quantas
652 2301 743 2348 tandem

71 2365 112 2412 tibi
124 2363 230 2414 Athenae,
242 2375 282 2422 per
292 2367 315 2405 te
325 2359 448 2406 libertatem
460 2369 593 2414 consecutae,
609 2363 693 2423 gratias
704 2366 749 2412 des-1

71 2424 192 2476 bebunt?”
210 2424 337 2486 respondit:
358 2421 427 2469 “Dii
440 2422 530 2477 iaciant,
547 2432 579 2477 ut,
592 2436 685 2486 quantas
695 2431 745 2492 lpse

71 2493 118 2540 illi!
133 2491 210 2543 debeo,
226 2489 302 2536 videar
317 2485 445 2534 mulne·
474 2485 528 2540 Quo
543 2487 624 2536 affectu
633 2492 743 2556 inclytum

73 2558 197 2604 &uncte
208 2552 333 2614 tyrannidis
343 2566 400 2612 opus
410 2550 475 2598 laude
485 2553 615 2601 cumulavit.

108 2616 157 2684 (3.)
174 2617 340 2665 Themistocles
354 2623 437 2669 auteur,
455 2631 521 2676 quem
536 2617 607 2665 virtus
624 2635 664 2669 sua
674 2623 746 2671 victo.

73 2699 134 2740 m,
139 2683 220 2748 injuria
229 2681 308 2746 patriae
316 2681 479 2743 imperatorem,
491 2679 609 2730 Persarum
618 2683 709 2742 fecerat,
722 2695 748 2735 ut
