1820 2982
182 107 235 194 iss
285 143 363 193 van
376 139 514 192 muxmu
531 139 583 190 Lu.
594 139 645 190 rvr
656 139 716 192 css.
730 133 756 190 u·

180 263 270 323 merant
283 273 370 328 referta,
385 273 410 319 in
421 289 459 328 eo,
475 288 520 334 quo
533 271 621 333 dignior
631 278 672 326 est,
683 269 843 318 felicitatisdo·
892 303 893 330 3

177 340 262 386 micilio
270 339 411 392 collocemus,
421 335 499 399 gratii,
509 338 600 390 honore,
606 336 843 396 abundantissimisque

179 405 258 466 opibus
267 402 400 464 fulgentem.
415 401 507 449 Prodite
517 401 586 463 igitur
596 402 623 447 ab
633 400 678 455 illd,
694 414 748 462 quae
756 407 842 446 macto-

179 483 230 514 rum
243 467 326 512 umbris
341 467 413 514 dicata
427 483 477 514 esse
491 466 592 519 creditur,
610 465 668 519 sede,
684 465 737 512 hine
747 464 842 512 Decime

180 531 245 583 Laeli,
255 532 316 576 illinc
327 531 363 577 M.
375 531 483 592 Agrippa,
495 532 550 577 alter
559 531 664 584 virorum,
671 531 732 576 alter
741 529 840 576 Deorum

176 596 301 642 maximum
312 596 414 649 amicum,
428 603 450 642 et
461 595 521 642 certi
531 601 606 641 mente
617 601 640 640 et
651 595 753 640 secundis
764 595 841 640 omini-

178 662 220 706 bus
229 661 313 711 sortiti:
327 668 445 720 totumque
452 661 523 706 beatae
531 661 710 720 turbas-gregem,
722 659 761 719 qui
769 665 840 704 restro

178 725 247 770 ductu
261 725 387 771 veneranda
401 725 494 771 sinceroe
511 725 562 771 fidei
577 724 691 784 stipendia,
706 723 806 770 laudibus
819 730 854 769 et·

178 788 275 850 praemiis
291 797 391 842 onustus,
406 789 499 851 peregit,
515 789 621 834 in'lueem
632 789 747 834 vobiscum
758 795 840 848 prous-

178 855 231 900 hite.
251 853 346 900 Vestros
357 854 416 900 enim
427 861 554 899 constantes
561 853 658 906 ¹animos,
669 860 745 898 vestra
755 859 841 898 strenus

177 919 307 972 ministeria,
331 927 428 964 vestram
450 918 644 979 inexpugnabilem
662 917 838 970 taciturnitatem

173 999 263 1046 proque
277 983 385 1044 dignitate
399 991 423 1028 et
437 982 508 1028 salute
522 983 644 1028 amicorum
656 988 787 1043 perpetuam
803 995 841 1027 ex·

176 1049 324 1100 cubationem,
336 1048 472 1094 testatiorem
480 1047 676 1102 ¹benevolentiam
687 1053 709 1092 et
718 1061 794 1091 rursus
801 1046 839 1092 hs·

177 1129 227 1158 rum
239 1127 313 1158 renum
324 1112 446 1158 uberrimos
455 1111 549 1164 fructus,
561 1111 671 1172 posterior
681 1111 771 1156 intuens
778 1117 838 1163 aetas,

177 1177 201 1222 in
212 1177 334 1224 excolendo
341 1177 393 1237 jure
403 1174 513 1230 amicitiae,
526 1191 592 1237 quam
602 1174 712 1230 libentius,
722 1174 840 1221 taruetism

176 1241 303 1305 religiosius
313 1241 356 1288 erit
362 1247 463 1304 operata.

451 1347 564 1395 ruma.
742 1402 745 1412 ἱ

182 1453 188 1466 ,
206 1433 259 1498 (l.)
278 1435 360 1483 Haeret
369 1436 457 1484 animus
467 1437 490 1482 in
501 1435 640 1484 domesticis:
657 1435 696 1482 sed
706 1435 778 1484 aliena
788 1451 841 1497 quo·

177 1515 222 1560 que
229 1499 344 1546 benefacta
355 1501 437 1547 referre
447 1501 559 1548 Romanae
570 1502 629 1547 urbis
640 1501 723 1548 candor
733 1502 839 1548 bortatur.

177 1565 270 1610 Damon
289 1571 313 1610 et
332 1563 439 1620 Phintias,
462 1565 620 1628 Pythagoricae
635 1565 760 1626 prudentiss
776 1565 842 1612 saeris

177 1628 264 1680 initiati,
282 1635 328 1674 tam
338 1629 427 1676 fidelem
437 1631 496 1678 inter
507 1647 531 1677 se
541 1629 659 1676 amicitiam
666 1631 797 1692 junxerant,
810 1637 840 1683 ut,

177 1707 228 1740 cum
237 1692 331 1740 alterum
342 1709 372 1740 ex
382 1695 416 1740 his
425 1695 551 1756 Dionysius
559 1695 713 1755 Syracusanus
720 1693 843 1740 interlicere

176 1757 250 1810 vellet,
261 1764 328 1818 atque
335 1760 355 1805 is
363 1766 451 1821 tempus
461 1761 488 1806 ab
499 1775 533 1814 eo,
545 1774 597 1819 quo,
606 1759 667 1821 prius
678 1773 745 1818 quam
753 1759 840 1819 periret,

72 1829 81 1841 ¹
160 1821 268 1868 *domum
285 1823 398 1884 profectus
416 1840 451 1870 res
466 1839 517 1870 suus
535 1823 653 1876 ordinaret,
670 1822 840 1883 impetrauerat,

175 1887 232 1932 alter
243 1887 322 1934 vadem
334 1905 359 1935 se
369 1904 410 1950 pro
421 1889 493 1934 reditu
503 1891 551 1950 ejus
559 1895 655 1948 tyranno
665 1886 773 1932 ὼπειιοη
781 1887 843 1933 dubi·

175 1949 235 1997 tant.
256 1953 347 2000 Solutus
358 1961 406 2000 erat
415 1953 514 2014 periculo
525 1953 610 2006 mortis,
623 1952 661 2013 qui
668 1951 736 1997 modo
745 1952 843 1998 eervices

175 2017 250 2078 gladio
262 2019 370 2079 subjectas
380 2019 499 2064 babuerat:
519 2017 591 2064 eidem
606 2023 673 2078 caput
687 2031 755 2062 suum
770 2017 842 2078 subje-

174 2087 243 2134 cerat,
262 2082 298 2126 cui
309 2097 387 2128 securo
398 2083 474 2128 vivere
484 2081 570 2128 licebat.
600 2079 675 2143 Igitur
685 2095 773 2134 omnes,
784 2089 810 2127 at
818 2081 841 2126 in

174 2145 252 2206 primis
267 2145 402 2207 Dionysius,
421 2161 488 2192 novae
505 2154 572 2207 atque
587 2145 689 2206 ancipitis
706 2145 738 2191 rei
756 2145 840 2192 mun

174 2210 350 2270 speculabantur.
376 2211 577 2273 Appropinquaute
593 2211 673 2257 deinde
689 2207 781 2256 definiti
798 2210 839 2261 die,

174 2287 217 2318 nec
227 2274 266 2318 illo
278 2275 390 2328 redeunte,
407 2277 558 2336 unusquisque
573 2276 674 2322 stultitiae
688 2282 734 2320 tam
746 2281 842 2320 ternens-

175 2337 232 2380 rium
249 2352 378 2396 sponsorem
394 2340 518 2387 damnabat
542 2341 575 2386 At
590 2340 609 2386 is
625 2339 680 2385 nihil
694 2354 719 2384 se
733 2339 763 2384 de
776 2337 840 2384 amitti

174 2399 300 2446 constantia
316 2410 417 2450 metuere
433 2405 573 2464 praedicabat.
598 2403 686 2450 Eodem
701 2410 777 2449 autem
791 2417 840 2448 mo·

174 2469 259 2514 mento,
277 2471 300 2507 et
316 2465 371 2511 hori
386 2483 399 2512 u
414 2468 528 2529 Dionysio
543 2466 671 2521 constituti,
688 2467 726 2528 qui
742 2481 791 2514 eam
802 2480 839 2512 so-

174 2531 269 2583 ceperat,
288 2531 422 2587 supervenit.
453 2534 584 2580 Admiratus
606 2531 838 2580 amborum'animum

175 2593 291 2662 tyrflmjub
310 2594 440 2652 supplicium
459 2597 510 2644 iidei
529 2598 628 2655 ramisit5
648 2597 783 2658 insuperque
801 2607 839 2640 eos

174 2657 270 2711 rogavit,
288 2660 313 2699 ut
328 2669 352 2700 se
366 2657 389 2702 in
406 2659 661 2718 societatemamioitiae,
673 2660 764 2710 tertium
775 2658 841 2707 soth*
