1828 2982
156 165 236 216 VAL
249 166 388 218 maxml
404 167 516 218 havi.
535 168 596 220 Cur.
608 173 631 218 1.
681 175 728 218 221

56 294 213 357 virginium
222 297 336 354 illibatam,
350 298 389 347 sed
400 299 468 347 etiarn
479 297 556 348 oscula
566 298 675 348 mvtrum
686 299 733 348 aiu·

54 373 109 408 oera
118 360 236 422 pmferret.

88 423 143 488 (5.)
162 425 195 480 Q.
207 443 262 474 vero
273 426 357 476 Fabius
368 427 485 476 Maximus
497 427 643 484 Seruilianus,
660 430 733 476 hono·

55 489 127 544 ribus,
147 505 205 551 quoa
223 492 399 554 splendidissime
414 502 522 555 gesserat,
540 509 642 542 censurae
655 494 733 558 gravi·

34 551 37 566 ¹
54 561 105 602 tate
115 557 286 612 consummatis,
298 559 376 620 exegit
386 573 400 606 a
409 557 455 605 filio
466 573 545 620 poenas
557 560 629 606 dubiae
641 561 732 606 castita·

54 619 102 676 ²5⁸3
114 627 146 672 et,
159 621 246 681 punito,
261 623 374 684 pependit,
385 624 512 671 voluntario
523 639 613 672 secessu
624 639 732 688 conspee-

53 689 106 732 tum
117 685 198 746 potriae
208 686 307 734 vitando.

89 746 140 812 (6.)
158 749 265 797 Dicerem
276 753 403 799 censorium
412 753 487 799 vinum
497 752 564 799 nimis
575 754 679 801 acerbum
690 768 732 800 ex·

24 827 28 834 '
54 813 151 868 stitisse,
169 815 213 861 nisi
231 813 259 862 P.
272 817 369 864 Atilium
381 817 512 879 Philiscum,
530 819 554 862 in
571 817 665 879 pueritid
681 834 732 864 eor·
778 841 783 856 ·

53 893 113 939 pore
123 886 237 938 questum
253 895 267 927 a
283 882 373 929 domino
388 881 462 929 locere
478 889 588 936 coactum,
606 889 651 930 tam
668 899 733 930 seve-

55 957 109 990 rum
127 951 207 1005 postea
224 952 310 1007 patrem
329 961 451 994 cernerem.
481 945 562 994 Filiam
581 947 641 993 enim
660 961 731 1001 suam,

54 1008 120 1069 quod
131 1023 159 1055 ea
169 1025 194 1056 se
208 1011 279 1072 stupri
295 1013 387 1060 crimine
403 1011 595 1072 coinquinaverat,x
609 1011 730 1057 interemit.

55 1072 138 1126 Quem
158 1081 258 1121 sancum
276 1076 345 1138 igitur
362 1077 385 1122 in
404 1076 495 1122 civitate
511 1073 589 1121 nostrd
604 1075 732 1136 pudicitiam

53 1136 128 1184 fuisse
138 1139 266 1186 existimare
276 1141 389 1195 debenus,
406 1141 430 1185 in
446 1138 491 1200 quia
501 1139 568 1185 etium
579 1139 694 1186 institores
705 1140 733 1185 li-

54 1202 197 1302 bidinis'tam
208 1220 300 1253 severos
314 1208 363 1268 ejus
373 1205 474 1254 viudioes
483 1204 583 1252 evasisse
593 1204 733 1251 animadver-

56 1267 146 1316 timus.

91 1329 143 1394 (⁷.)
161 1332 268 1394 Sequitur
277 1335 407 1382 excellentis
417 1333 522 1388 nominis,
540 1347 567 1382 ac
582 1332 734 1380 memorabilia

54 1394 112 1444 faeti
123 1399 259 1459 exemplum.
278 1399 315 1446 M.
330 1399 438 1449 Claudius
455 1395 585 1453 Marcellus,
606 1399 677 1462 aedilis
693 1413 733 1444 cu-

56 1461 122 1516 rulis,
137 1460 166 1510 C·
174 1463 289 1511 Scantinio
301 1463 436 1527 Capitolino,
448 1463 625 1527 tribunoplebis,
638 1463 696 1510 diem
705 1463 734 1510 ad

56 1526 169 1588 populum
186 1528 248 1582 dixit,
266 1530 327 1590 quod
337 1529 408 1577 lilium
419 1531 485 1576 auuin
496 1530 525 1576 de
535 1537 613 1592 stupro
623 1526 733 1592 appellis-

56 1598 108 1638 set:
129 1607 202 1653 eoque
212 1602 354 1642 asseverante
364 1611 390 1643 se
400 1597 453 1657 cogi
463 1609 510 1641 non
520 1609 587 1658 posse
598 1601 624 1640 ut
634 1593 730 1648 adesset,

56 1655 112 1717 quia
122 1664 286 1705 meromontem
296 1667 430 1721 potestatem
440 1661 537 1713 haberet,
556 1667 579 1706 et
589 1659 618 1705 ob
628 1659 652 1705 id
662 1659 734 1704 tribu-

57 1721 146 1768 nicium
156 1723 263 1768 auxilium
272 1721 418 1786 implorante,
435 1731 509 1770 totum
525 1723 646 1785 collegium
662 1724 733 1770 trrltu-

57 1801 142 1832 norum
157 1788 249 1849 negavit
265 1804 290 1836 se
304 1789 448 1841 intercedere,
468 1803 515 1848 quo
529 1788 605 1833 minus
620 1787 735 1848 pudicitiae

58 1850 158 1912 quatio
167 1860 320 1914 perageretur.
345 1851 436 1902 Citatus
446 1852 522 1911 itaque
533 1851 661 1898 Scantinius
672 1865 732 1904 reus,

58 1930 107 1964 uno
117 1922 183 1970 tute,
201 1918 239 1978 qui
250 1925 349 1966 tentatus
365 1924 421 1972 erat,
438 1917 556 1962 damnatus
566 1922 609 1962 eat.
636 1912 734 1962 Constat

54 1982 166 2044 juvenem
176 1983 310 2044 productum
325 1983 349 2029 iu
360 1983 448 2030 Rostra
455 1979 529 2027 defixo
539 1980 564 2025 in
574 1987 657 2026 terram
667 1978 733 2026 vultu

59 2055 230 2108 pemeverauter
248 2048 351 2103 tarnim
369 2045 540 2108 uerecundoque
558 2043 648 2090 silentio
663 2043 734 2106 pluri-

60 2125 125 2159 mum
135 2110 159 2158 in
170 2111 279 2160 ultionem
288 2127 354 2160 suam
364 2113 469 2160 saluisse·

95 2173 143 2239 (8·)
160 2176 270 2224 Metellus
285 2193 374 2240 quoque
390 2176 459 2227 Celer
469 2182 580 2238 stuprose
590 2171 672 2219 mentis
682 2185 735 2218 acer

61 2241 153 2304 prmitor
163 2242 258 2297 exstitit,
275 2240 319 2292 Cn.
334 2243 415 2324 Sergio
427 2242 475 2290 Silo
485 2239 646 2303 promissorum
657 2236 735 2282 matri·

61 2305 153 2354 finilia
163 2321 307 2354 nummomm
318 2310 392 2371 grstia
406 2308 466 2354 diem
476 2305 505 2352 ad
515 2303 622 2368 populum
632 2301 735 2356 dicendo,

63 2385 161 2432 eumque
171 2372 216 2418 lroc
227 2387 272 2420 uno
283 2373 377 2420 crimine
391 2370 525 2422 damnando.
550 2367 607 2418 Non
617 2367 677 2415 enim
688 2365 735 2413 fac·

65 2441 113 2482 tuns
129 2442 190 2491 tunc,
208 2437 249 2484 aed
264 2438 352 2486 animm
368 2439 392 2486 in
403 2437 550 2500 quaestionem
561 2433 670 2481 deductus
681 2438 733 2478 est:

63 2499 158 2578 plusqpe
167 2501 266 2550 voluisse
276 2517 369 2566 peecare
379 2503 463 2558 nocuit,
482 2515 550 2564 quem
566 2513 613 2546 uon
628 2495 735 2562 pomisne

96 2572 275 2706 (inicornium
285 2633 342 2687 heo,
353 2631 392 2680 illa
401 2630 471 2707 eurise
481 2625 632 2694 [gravitatis]
648 2625 680 2675 T.
685 2624 736 2674 Ve-

64 2694 219 2760 nummus·
229 2698 278 2760 epu
288 2696 386 2754 Veturii,
403 2697 442 2759 qui
452 2711 476 2744 m
487 2695 605 2747 eonnslstu
615 2709 657 2744 mo
668 2693 734 2742 Sam·
