1828 2982
160 163 209 206 280
257 153 335 204 VAL.
349 151 488 204 MAXIMI
505 151 615 204 urs-vl.
634 151 696 205 Coa.
708 153 734 202 8.

148 301 150 310 ’
164 284 245 332 “ratio
255 281 363 346 propositi
373 282 426 330 mei.
454 281 533 331 Puella
544 284 612 338 enim,
630 299 682 331 cum
693 299 791 346 gravem
802 290 838 345 ty·

163 364 259 398 rannum
270 349 409 402 haberemus,
427 363 502 396 carere
512 365 541 396 eo
556 349 687 412 cupiebam:
706 364 753 410 quo
766 350 837 396 inner-

163 413 230 468 secto,
249 413 362 473 aliquanto
373 413 452 459 tetrior
468 429 542 462 arcem
560 414 683 476 occupavit.
709 412 772 477 Ejus
783 429 839 475 quo·

164 495 208 540 que
218 477 276 524 finiri
287 477 463 524 dominationem
480 479 557 540 magni
573 479 725 525 aestimabam:
745 479 838 525 tertium

164 552 194 598 te,
208 541 356 604 superioribus
366 541 561 604 importuniorem,
576 545 657 590 habere
667 543 782 605 coepimus
793 559 840 590 rac-

165 615 244 656 torem.
272 605 353 667 Itaque
368 604 483 672 [timens]
502 623 538 662 ne,
557 608 575 654 si
592 615 617 654 tu
633 607 702 654 fueris
713 609 838 662 absumtus,

166 673 263 720 deterior
279 672 303 718 in
320 671 395 718 locuni
414 680 478 719 tuum
493 673 604 727 succedat,
621 679 688 735 caput
705 688 785 719 meum
801 689 839 735 pro

165 735 206 784 tud
216 737 287 784 salute
298 735 426 784 devoveo.”
444 737 503 786 Tam
513 737 608 785 facetam
619 737 735 785 audaciam
746 736 840 798 Diony·

166 803 432 932 “nisiiniiiteermddit'et
450 865 598 914 Theodorum
616 865 757 927 Cyrenaeum
777 865 839 928 quasi

166 933 261 980 animosi
272 931 363 995 spiritds
373 932 502 996 conjugium
521 947 571 979 esse
587 932 667 994 potuit,
687 931 776 979 virtuto
793 948 838 994 par,

166 997 273 1046 felicitate
283 997 396 1044 dissimile.
424 996 449 1043 la
460 998 519 1043 enim
535 996 671 1058 Lysimacho
682 997 732 1058 regi
743 1004 838 1044 mortem

168 1063 210 1110 aibi
220 1063 340 1116 minitanti,
358 1061 531 1116 “Enimvero’'
550 1062 630 1122 inquit,
648 1069 664 1090 “
673 1061 797 1124 magnifica
806 1077 838 1108 rea

168 1128 208 1174 tibi
227 1128 329 1190 contigit,
356 1128 408 1188 quia
428 1127 562 1174 cantharidis
584 1127 629 1172 vim
648 1135 767 1174 assecutus
789 1125 839 1174 es.”

169 1191 281 1254 Cumque,
294 1193 337 1238 hoc
348 1193 408 1239 dicto
418 1207 533 1246 accensus,
545 1192 605 1238 cruci
613 1207 664 1238 eum
676 1192 754 1254 suffigi
760 1193 840 1256 jussis·

169 1264 220 1314 aet;
239 1257 377 1304 “Terribilis
385 1256 460 1312 haec,''
471 1257 510 1309 ait,
523 1257 671 1318 “purpuratis
682 1257 711 1303 ait
723 1258 781 1304 tuis:
793 1256 839 1304 mei

168 1322 258 1384 quidem
269 1322 324 1368 nihil
334 1321 434 1375 intereat,
446 1321 538 1368 humine
548 1336 577 1370 an
585 1322 678 1368 sublime
688 1320 838 1384 putrescam.”

335 1574 395 1626 Car.
409 1576 534 1626 III.-De
544 1579 677 1627 Severitate.

190 1708 211 1752 l.
231 1703 313 1766 Populi
324 1704 431 1753 Romani.
539 1707 563 1753 7.
582 1705 678 1754 Senntds
700 1705 800 1754 Romani
816 1706 836 1752 in

188 1775 211 1816 2.
231 1769 260 1818 P.
279 1769 353 1816 Mucii
379 1771 490 1819 Soaevolae
619 1772 722 1818 incestas.

269 1835 352 1883 tribuni
362 1837 438 1898 plebis.
540 1838 563 1882 8.
584 1833 741 1898 cognatorum
760 1837 784 1884 in
802 1851 838 1883 ve-
878 1837 879 1871 i

188 1905 213 1948 8.
233 1900 445 1948 SenatdaRomani.
620 1900 708 1947 neficus.

189 1970 212 2013 4.
232 1964 276 2014 M'
300 1964 364 2014 Curii
394 1965 490 2014 Dentati
540 1969 563 2013 9.
582 1963 676 2028 Egnatii
687 1966 784 2013 Metelli.
870 1969 878 2009 'i

270 2045 317 2078 eoa
526 2034 563 2078 ro.
581 2029 795 2092 conprensam.

189 2098 213 2145 5.
232 2095 264 2142 L.
282 2095 380 2143 Domitii
397 2095 491 2144 Aheno-
525 2098 563 2142 ll.
592 2095 624 2150 Q,
651 2096 746 2142 Antistii
771 2096 836 2142 Vete-
876 2087 877 2147 i

271 2161 383 2223 barbipr.¹
447 2185 451 2192 ·
620 2159 658 2206 ris.

190 2230 214 2274 6.
233 2225 270 2273 Μ.
290 2225 381 2272 Horatii
402 2223 491 2287 Terge-
527 2229 563 2272 12.
583 2223 612 2272 P.
619 2225 745 2288 Sempronii
752 2224 825 2287 sophi·
875 2199 876 2287 i

271 2289 335 2336 mini.

428 2393 592 2442 Enterrsorum.

193 2481 213 2522 1.
233 2450 464 2554 Lacedpemoniorum.
503 2480 510 2609 Ι
542 2481 705 2544 acambysiu,
718 2483 831 2549 regiaPer·

191 2543 214 2587 2.
233 2540 414 2592 Athemcmrum.
622 2561 704 2598 sarum.

207 2663 289 2712 Armet
300 2681 324 2713 sc
335 2666 415 2718 duritid
424 2679 503 2732 pectus
515 2689 606 2725 necesse
617 2685 659 2734 art,
678 2678 732 2727 dum
748 2677 828 2730 horride

789 2897 792 2907 .
861 2843 871 2908 i
