1820 2982
185 165 233 210 18ss
287 160 366 212 VAL.
380 159 518 212 MAXIMI
535 115 629 212 LAv.
648 160 709 212 cn.
721 165 745 216 1·
786 191 788 197 2

180 293 206 340 in
217 291 295 340 ritum.
321 289 375 346 Qut
388 291 478 354 quidem
490 288 609 338 olearentid
617 297 642 338 et
651 291 802 340 moderatione
811 309 845 340 aa·

183 364 274 404 secutus
285 363 327 410 est,
340 364 365 403 ut
376 363 399 404 et
410 356 476 406 sobrii
484 357 525 404 aibi
532 353 648 404 Tarentini
655 357 739 419 gratias
746 367 843 419 agerent,

181 429 206 468 et
221 421 275 468 ebrii
289 422 346 468 bene
357 428 507 482 precarentur.
535 421 573 468 Ab
586 420 664 468 eidem
678 421 793 469 altitudine
805 424 845 468 bu-

181 485 301 539 manitatis,
320 485 400 546 legatis
417 485 580 540 Romanorum,
598 487 626 532 ad
641 486 780 535 redimendos
796 502 844 550 oap-

181 551 242 598 tivos
253 557 326 596 castra
336 565 380 612 aun
386 551 519 612 petentibus,
531 565 576 610 quo
592 551 662 597 tutiun
676 551 785 603 venirent,
799 550 844 612 Ly·
893 553 894 560 ’

179 629 260 662 eonem
273 614 402 662 Molossum
413 615 501 662 obviam
512 615 584 662 misit:
604 631 649 676 quo
663 615 793 662 honoratius
807 631 844 662 ex-

180 680 314 740 ciperentur,
335 681 382 742 ipse
401 695 453 726 cum
470 687 548 744 ornato
568 679 667 740 equitatu
682 688 747 727 extra
762 687 845 742 portam

180 744 292 800 occurrit3
310 744 456 792 secundarum
468 760 542 790 rerum
552 751 663 806 proventu
674 759 719 790 non
733 744 789 792 adeo
800 761 847 792 eor·

181 816 267 869 ruptus,
280 815 306 854 ut
317 809 384 856 officii
394 817 538 870 prospectum
548 809 571 854 in
580 809 607 856 iis
615 809 742 872 deponeret,
755 810 793 870 qui
800 817 847 856 tum
893 821 894 858 i

181 873 279 920 maxime
290 875 420 930 ormiscum
431 889 458 920 eo
470 873 611 920 dissidebant.
893 921 894 932 q

215 936 264 1000 (4.)
281 935 353 1001 Cujus
368 946 413 985 tam
430 938 490 984 mitia
503 939 587 1000 ingenii
598 937 696 986 debitum
705 937 804 986 fructum
815 939 848 985 ul-

181 1001 237 1048 timo
248 1001 288 1049 lati
299 1003 334 1049 sui
344 1011 445 1064 tempore
455 1003 552 1064 recepit:
571 1017 630 1056 nam,
643 1018 695 1050 cum
709 1003 762 1050 diris
776 1004 849 1065 auspi-
893 1001 894 1012 ¹

181 1067 221 1114 ciis
233 1066 372 1128 Argivorum
386 1067 506 1114 invasisset
520 1069 604 1121 urbem,
620 1067 775 1128 abscisumque
786 1074 849 1129 eaput

180 1133 229 1195 ejus
241 1131 379 1192 Alcyoneus,
391 1132 504 1194 Antigoni
515 1133 575 1194 regia
585 1131 651 1186 filiun,
664 1131 693 1178 ad
702 1139 789 1194 patrem
800 1147 849 1194 pro·
893 1151 894 1158 ¹

180 1197 320 1259 pugnatione
329 1197 474 1248 laborantem,
490 1197 563 1250 laetua,
575 1197 639 1244 velut
649 1196 740 1257 aliquod
749 1197 850 1244 felicissi-

181 1277 245 1308 mum
260 1262 361 1310 victoriae
374 1276 437 1323 opus,
453 1261 578 1319 attulissem
594 1261 733 1323 Antigonus,
748 1269 850 1323 correpto

177 1328 270 1388 juvene,
285 1327 345 1387 quod
359 1327 416 1374 tanti
430 1325 472 1373 viri
488 1326 567 1372 aubitae
582 1325 659 1378 ruinae,
677 1325 798 1372 immemor
812 1328 851 1372 hu·

181 1405 299 1436 manorum
321 1406 421 1444 omnum,
444 1389 515 1437 effuso
533 1389 616 1452 gaudio
637 1387 762 1444 insultaret,
782 1392 850 1437 humo

180 1461 250 1516 eaput
261 1454 378 1508 sublatum,
390 1453 472 1509 oauaii,
482 1452 527 1516 qud
534 1455 632 1502 velatum
640 1461 707 1516 eaput
715 1470 781 1502 auum
791 1470 852 1502 moro

183 1517 336 1566 Macedonum
347 1519 447 1573 habebat,
459 1520 530 1577 texit3
545 1519 676 1581 corporique
687 1519 771 1580 Pyrrhi
780 1520 852 1568 reddi·

181 1589 237 1634 tum,
250 1581 421 1629 honoratissime
432 1583 576 1632 cremandum
589 1585 682 1632 curavit
706 1583 771 1638 Quin
786 1586 852 1632 etiam

180 1645 251 1692 fllium
261 1647 310 1709 eJua
321 1645 444 1703 Helenum,
458 1649 579 1711 captivum,
595 1650 624 1696 ad
634 1664 659 1696 ee
669 1656 816 1710 pertractum,
831 1655 853 1696 ot

182 1710 269 1757 oultum
289 1718 312 1758 et
330 1711 429 1758 animum
448 1721 528 1776 gerere
547 1713 633 1776 regium
649 1713 735 1776 juaait3
759 1729 853 1775 ossaque

183 1773 266 1836 Pyrrhi
277 1777 305 1830 ei,
317 1775 385 1824 aurei
398 1777 456 1824 urnii
470 1779 562 1834 indum,
574 1778 670 1840 Epirum
683 1778 707 1826 in
720 1779 819 1842 patriam
828 1776 854 1824 ad

182 1840 338 1888 Alexandrum
348 1841 440 1890 fratrem
451 1843 560 1904 portanda
570 1841 638 1890 dedit.

217 1905 264 1970 (5.)
277 1903 387 1968 Campani
398 1914 472 1954 sutem
484 1908 607 1956 exereitum
618 1914 728 1962 nostrum,
738 1923 793 1958 oum
802 1922 854 1956 oon

184 1973 268 2018 nulibus
284 1972 343 2033 apud
359 1969 472 2020 Caudinas
486 1971 569 2027 fureas,
586 1973 721 2036 subjugum
737 1987 753 2021 a
768 1973 854 2022 Samni·

184 2037 243 2084 tibus
251 2037 352 2088 missum,
365 2051 407 2099 neo
414 2037 523 2084 inermem
531 2044 627 2092 tantum,
637 2037 753 2086 sedetiam
762 2039 853 2090 nudum,

185 2103 263 2148 urbem
274 2117 338 2148 suam
349 2101 477 2155 intrantem,
488 2102 580 2163 perinde
590 2118 616 2149 ac
626 2098 744 2156 victorem,
757 2109 782 2150 et
789 2102 856 2166 spolia

183 2166 281 2214 hostium
298 2171 346 2227 prae
363 2181 388 2213 se
401 2165 519 2221 ferentem,
533 2167 688 2214 venerabiliter
702 2176 853 2229 exceperunt:

183 2231 330 2293 protinusque
353 2231 481 2278 oonsulibus
504 2231 602 2294 insignia
625 2231 724 2285 honoris,
751 2231 856 2279 militibus

183 2301 277 2349 venem,
290 2311 359 2350 arma,
372 2311 450 2356 equos,
463 2304 612 2344 commentum
623 2296 857 2358 benignurimepre

183 2359 271 2412 stando,
287 2366 311 2406 et
325 2361 424 2422 inopiam
439 2367 462 2408 et
477 2361 642 2408 deformitatem
659 2359 776 2408 Romanae
790 2360 857 2408 oladit

182 2419 306 2469 mutirunt.
325 2423 379 2476 Quo
390 2425 465 2472 animo
477 2426 495 2472 si
506 2441 547 2487 pro
558 2426 651 2488 imperio
660 2433 739 2474 nostro
751 2427 857 2474 adverso

184 2483 336 2532 Hannibalem
347 2503 437 2548 quoque
445 2490 480 2536 usi
487 2489 590 2544 luissent,
602 2491 735 2538 truculentis
744 2491 858 2540 aeounbrn

184 2547 299 2594 materiam
311 2552 418 2597 saeviendi
429 2567 475 2598 non
486 2555 641 2616 praebuissent·

214 2607 260 2672 (6.)
273 2610 344 2660 Facti
353 2616 469 2664 mentione
476 2619 578 2666 aoerrimi
586 2619 665 2674 hortis,
676 2615 855 2668 murmurii&

93 2647 95 2650 ¹
179 2674 230 2766 rjus
241 2675 350 2738 operibus,
362 2692 429 2739 quam
436 2679 544 2732 Romano
554 2685 640 2736 nomini
650 2685 766 2750 martiii»
774 2685 855 2734 lm·
