1828 2982
166 162 245 216 vAL.
259 162 399 222 buxum,
414 162 467 220 Lus.
483 162 541 224 vn,
559 162 618 212 Osa.
631 169 655 223 3.
691 165 744 222 ,atr

65 299 150 357 petere
165 295 248 357 coepit;
268 308 313 340 non
330 294 390 354 quod
404 301 502 356 speraret
516 309 541 342 se
555 294 617 342 illum
634 297 740 358 consequi

68 375 147 420 posse
160 359 199 406 sed
210 365 235 406 ut
250 359 355 406 baberent
369 359 477 413 homines,
494 359 531 406 ubi
544 375 674 420 procursum
689 359 737 418 irae,

68 424 109 484 qui
126 424 247 472 acerrimus
263 438 312 470 esse
331 423 395 478 solet,
415 423 560 470 effirndereut
587 423 669 486 Neque
687 440 739 472 eum

72 489 124 536 hec
135 495 181 536 tarn
195 487 274 534 callida
287 488 373 534 consffii
388 488 444 534 ratio
457 487 549 536 fefellit:
568 490 664 536 comitiis
678 490 738 536 enim

66 551 171 600 clamore
181 552 269 604 infesto,
282 559 305 598 et
315 553 397 598 crebn's
408 553 477 598 totius
488 555 600 603 concionis
609 554 676 600 sibilis
684 569 740 602 vex·

68 625 131 668 atus,
145 615 198 663 notri
208 617 274 662 etiarn
283 617 386 678 denegati
394 617 486 664 honoris
493 619 629 680 perstrictus,
639 619 739 682 ejusdem

72 681 145 744 plebis
163 681 228 742 paulo
245 688 297 741 post
313 681 337 726 in
354 681 481 728 discrimine
495 683 549 730 vitae
568 683 740 730 clementissima

69 744 180 806 suffragia
195 752 300 806 expertus
315 751 357 790 est.
388 745 458 798 Quod
473 747 492 792 si
507 747 579 793 adhuc
595 749 616 794 ei
632 749 739 796 ultionem

70 808 740 934 litlttlittil‘tttltlfftinlllffl*m

106 935 157 1002 (7.)
171 936 234 984 Huic
241 936 380 984 vaframento
388 937 510 984 consimilis
517 939 554 984 ills
562 940 675 988 calliditas.
695 941 740 988 Su-

71 1003 149 1066 perior
160 1001 281 1055 Hannibal,
293 1017 306 1048 a
317 1000 398 1048 Duilio
408 1001 500 1063 consule
514 1003 586 1050 navali
600 1005 679 1065 proelio
692 1007 740 1052 vio-

72 1076 119 1121 las,
132 1067 258 1126 timensque
272 1065 349 1112 classis
363 1065 451 1111 amissae
465 1079 544 1126 poenas
558 1066 617 1121 dare,
631 1067 739 1118 ostensam

71 1128 157 1182 astutiis
167 1131 222 1177 mire
232 1129 326 1176 avertit:
342 1144 401 1184 nam,
413 1144 443 1176 ex
452 1127 491 1176 ult
500 1130 582 1177 infelici
592 1131 668 1193 pugni
678 1133 740 1195 prira

72 1211 142 1258 quarn
154 1195 222 1242 cladis
233 1195 325 1240 nuntius
336 1194 427 1240 domum
438 1195 571 1256 perveniret,
581 1197 698 1257 quemdam
709 1213 739 1246 ex

71 1260 153 1308 amieis
164 1259 312 1320 compositum
322 1266 345 1304 et
358 1258 479 1306 formatum
491 1257 650 1322 Carthaginem
661 1261 735 1310 misit:

71 1325 112 1387 qui
126 1331 246 1386 postquam
260 1324 356 1370 ciuitatis
369 1325 416 1385 ejus
431 1324 514 1370 curiam
526 1325 632 1384 intravit;
650 1333 666 1356 “
676 1324 739 1374 Con-

71 1387 153 1444 sulit,”
164 1389 242 1449 inquit,
257 1395 272 1417 ‘⁴
279 1403 320 1434 sos
330 1387 451 1442 Hannibal,
463 1403 514 1436 curn
526 1389 572 1436 dux
582 1389 738 1438 Romanorum

71 1468 168 1516 magnas
179 1467 255 1500 secum
266 1453 387 1499 maritimas
397 1453 487 1500 trabens
498 1454 572 1516 copias
580 1455 700 1510 advenerit,
710 1470 740 1502 au

71 1534 126 1568 cunr
137 1533 166 1566 eo
176 1516 298 1579 confugere
309 1517 392 1564 debeat
397 1515 413 1560 ’.'
430 1517 570 1566 Acclamavit
578 1520 695 1568 universus
704 1536 740 1566 se-

71 1591 149 1636 natus,
166 1597 211 1629 non
227 1597 277 1628 esse
290 1581 381 1628 dubium
395 1582 451 1642 quin
469 1590 588 1645 oporteret.
615 1585 675 1632 Turn
693 1585 738 1642 ille,

72 1657 89 1680 ⁴⁴
100 1645 237 1701 conflixit,”
247 1645 328 1707 inquit,
342 1653 356 1674 “
363 1653 387 1692 et
397 1655 513 1708 superatus
524 1647 585 1694 est.”
602 1647 639 1697 Ita
646 1651 739 1697 liberum

71 1713 100 1760 iis
111 1726 158 1760 non
169 1711 257 1772 reliquit
267 1711 290 1756 irl
299 1709 383 1757 facturn
394 1710 507 1766 damnare,
518 1713 578 1772 quod
590 1714 632 1775 ipsi
643 1713 690 1762 fieri
701 1715 740 1762 de·

70 1776 314 1838 brussejudicaverant.

105 1839 158 1906 (8.)
174 1841 240 1888 Alter
253 1841 308 1887 item
324 1838 439 1886 Hannibal
452 1839 546 1888 Fabium
558 1841 694 1898 Maximum,
706 1845 741 1892 in-

65 1909 158 1957 ,vicum
176 1920 289 1953 armorum
308 1920 400 1952 suorum
418 1904 465 1951 vim
483 1905 631 1954 saluberrimis
649 1916 742 1956 cuncta·

72 1971 171 2020 tionibus
181 1985 265 2032 pugnae
274 1969 432 2023 ludificantem,
444 1975 469 2014 ut
479 1967 552 2030 siqui
562 1971 687 2032 suspicione
695 1981 741 2026 tra-

72 2036 141 2084 hemli
151 2035 203 2082 belli
214 2041 359 2096 respergeret,
371 2033 441 2081 totius
452 2031 525 2080 Italiae
533 2049 600 2097 agros
607 2034 667 2082 ferro
674 2046 742 2100 atque

73 2101 123 2165 igni
137 2099 253 2152 vastando,
267 2099 334 2146 unius
348 2099 397 2161 ejus
410 2097 504 2145 fundum
518 2099 641 2146 immunem
656 2103 683 2148 ab
698 2105 741 2151 boc

73 2165 163 2229 injuriae
173 2179 256 2227 genere
267 2163 361 2224 reliquit.
388 2162 524 2210 Profecisset
537 2163 620 2224 aliquid
634 2166 690 2212 tanti
702 2169 742 2215 be·

74 2229 148 2278 neficii
167 2229 273 2276 medion
291 2228 436 2282 adumbratio,
456 2228 499 2274 nisi
520 2227 632 2275 Romane
651 2232 698 2278 urbi
716 2239 741 2280 et

75 2295 140 2344 Fabii
151 2294 229 2356 pietas,
243 2301 267 2340 et
282 2291 416 2340 Hannibalis
430 2291 487 2339 vafri
502 2308 576 2340 mores
589 2292 685 2342 fuissent
699 2311 742 2344 no-

75 2359 164 2408 tissimi.

107 2421 158 2488 (9.)
169 2421 304 2470 Tusculanis
314 2422 381 2470 etiarn
392 2422 494 2470 acumine
502 2421 590 2470 consilii
600 2423 742 2475 incolumitas

72 2495 139 2552 parta
148 2495 190 2534 est.
217 2485 276 2536 Cum
292 2487 351 2533 enirn
367 2487 449 2532 crebris
463 2487 639 2535 rebellationibus
649 2492 744 2538 meruis-

74 2561 134 2607 sent,
149 2560 175 2601 ut
189 2567 267 2598 eorum
279 2552 355 2598 urbem
366 2550 466 2600 sunrlitus
477 2551 575 2602 Romani
586 2562 686 2602 evertere
696 2557 745 2604 vel-

74 2619 130 2673 lent,
140 2625 207 2681 atque
215 2617 243 2666 au
251 2617 273 2666 'ul
281 2615 446 2677 exsequendum
456 2615 538 2664 Funus
548 2615 663 2680 Camillus,
674 2622 745 2669 maxi-
