1820 2982
85 166 87 170 -
184 135 217 180 91
278 129 508 181 VAL.MAX1M1
524 129 577 180 Lu.
591 131 641 181 111.
661 126 758 183 Onnz'

217 259 264 326 (8)
277 260 349 326 Cujus
358 261 429 308 filium
438 261 548 309 Faustum
561 259 589 310 C·
601 258 701 316 Cunus,
713 259 865 323 condiscipu-

98 377 101 382 ,
182 327 229 373 lum
239 343 311 381 suum,
321 329 345 372 in
356 325 432 374 scholi
442 327 627 390 proscriptionem
638 333 752 388 psternanr
759 326 864 372 laudan-

183 399 236 445 tem,
242 393 372 462 ipsumque,
385 407 436 438 curn
451 408 491 454 per
505 400 595 439 etatem
605 391 720 452 potuisset,
736 391 798 438 idern
810 391 864 438 fac-

183 451 259 502 turuiu
274 455 422 510 minitantem,
439 457 533 518 colapho
548 455 664 520 percussit.
687 455 792 516 Dignam
808 469 863 504 ma-

182 533 246 576 num,
258 537 309 584 quae
320 521 408 584 publico
418 522 536 583 parricidio
547 537 571 568 se
582 535 628 567 non
636 520 814 570 contuninnret!

460 627 575 674 Externa.

217 712 262 780 (1.)
280 713 313 764 Et
324 723 373 763 uta
385 717 474 764 Graecis
488 716 576 777 aliquid,
593 715 719 762 Alcibiades
732 715 777 769 ille,
791 718 862 779 cujus

183 782 259 828 nescio
273 789 347 827 utrum
361 783 420 827 bona
434 797 462 827 sn
476 781 531 828 vitia
544 781 622 842 patriae
634 780 793 842 perniciosiora
806 781 861 829 fue-

183 846 235 900 rint,
255 847 308 910 (illis
323 847 383 892 enim
398 846 458 892 cives
472 861 524 892 suos
536 845 628 906 decepit,
644 846 678 891 his
694 844 784 906 afflixit)
802 861 859 894 cum

183 911 255 956 adhuc
271 927 326 972 puer
342 911 370 958 ad
384 909 494 957 Periclem
511 910 647 956 avunculum
664 925 729 956 suum
745 911 857 966 verrimes,

169 991 281 1052 cumque
300 984 386 1023 secreto
404 976 491 1022 tristem
508 974 622 1021 sedentem
637 974 736 1028 vidisset,
756 975 860 1023 interro-

184 1042 254 1103 garit,
270 1042 324 1102 quid
337 1043 373 1088 111
383 1048 468 1087 tantam
483 1041 506 1086 in
517 1041 582 1086 vultu
592 1039 746 1086 confusionem
756 1049 859 1102 gereret.

185 1107 219 1152 At
235 1105 273 1152 111ο
286 1107 379 1172 dicente,
398 1106 503 1152 mandato
520 1120 545 1150 se
559 1105 655 1151 civitatis
670 1103 789 1166 Propylaea
805 1105 858 1153 Mi-

183 1185 268 1225 nerrae,
281 1187 332 1231 quse
347 1179 399 1218 sunt
409 1172 487 1232 januae
498 1170 562 1225 arcis,
580 1167 707 1246 redificisse,
724 1169 857 1218 consumti-

184 1236 266 1296 quein
282 1236 305 1280 id
321 1252 377 1298 opus
393 1235 480 1297 ingenti
498 1201 600 1296 pecuirid,
621 1249 667 1280 non
683 1235 790 1289 invenire,
807 1251 855 1296 qno

182 1307 249 1361 pecto
265 1301 381 1346 ministerii
397 1301 506 1347 rationem
523 1299 630 1353 redderet,
648 1306 715 1359 atque
730 1300 782 1346 ideo
798 1316 855 1347 con-

183 1363 304 1420 iiictnri3⁴
307 1363 416 1427 ‘Ergo‚”
433 1365 547 1425 inquit,“
558 1379 634 1424 quaere
647 1364 729 1426 potius,
746 1366 856 1426 quemad-

183 1397 279 1474 moduni
287 1429 396 1475 rationem
411 1443 457 1475 non
472 1428 574 1476 reddes.’'
599 1428 680 1489 Itaque
694 1430 729 1475 rir
743 1431 855 1492 amplissi-
895 1447 896 1469 1

183 1507 235 1539 mus
246 1500 313 1553 etque
323 1494 514 1554 prudentissimus,
528 1510 568 1540 suo
577 1495 670 1540 consilio
680 1493 787 1547 defertur,
799 1511 855 1556 pne-

184 1557 219 1603 rili
236 1573 290 1603 usus
306 1565 347 1610 est,
365 1565 432 1618 atque
441 1560 464 1605 id
475 1559 529 1621 egit,
548 1566 573 1604 ut
590 1559 746 1614 Athenienses,
757 1559 854 1612 finitimo
893 1609 894 1613 ,

183 1622 289 1683 implicati
307 1623 372 1675 bello,
397 1624 517 1670 rationibus
536 1623 652 1686 exigendis
673 1639 720 1670 non
741 1633 853 1673 vacarent.
892 1667 893 1685 ,

184 1687 230 1734 Sed
241 1687 336 1734 viderint
349 1687 454 1742 Athenae,
467 1696 542 1735 utrum
554 1689 684 1735 Alcibiaden
695 1689 851 1744 lamententur,
891 1733 892 1757 ,

183 1767 212 1799 an
229 1752 367 1814 glorientur;
387 1755 492 1814 quoniam
507 1754 586 1808 adhue,
603 1754 662 1800 inter
678 1755 851 1802 exsecutionen

183 1818 280 1864 hominis
295 1830 319 1867 et
333 1819 509 1874 admirationem,
519 1819 592 1866 dubio
606 1817 689 1867 mentis
698 1819 784 1884 judicio
796 1819 851 1868 liuo-

183 1889 267 1930 tuetur.
888 1919 889 1974 p

473 1999 570 2016 Q

345 2116 405 2170 Cer.
417 2117 524 2166 IL-De
534 2118 695 2168 Fortitudine.

321 2244 397 2308 Cuius
408 2248 523 2308 Esernplu
535 2248 647 2294 Romana
657 2251 714 2292 sunt
737 2249 740 2254 '

201 2333 223 2374 l.
237 2331 273 2376 M.
288 2332 399 2382 Horatius
411 2334 500 2384 Cocles.
539 2334 546 2356 ⁴
631 2329 848 2381 lnriumvictores'l'.

111 2443 115 2454 ⁶
200 2397 224 2437 2.
239 2393 321 2443 Oloelia
331 2399 403 2461 virgo.
632 2399 733 2446 Manlius
748 2395 846 2456 Torqus-

201 2461 224 2502 3.
239 2457 359 2507 Romulus.
633 2472 677 2516 tus,
696 2463 733 2510 M.
748 2461 845 2508 Valerius

200 2523 224 2566 4.
238 2520 268 2566 A.
279 2521 398 2573 Cornelius
406 2527 499 2577 Cossus
633 2527 730 2581 Corvus,
739 2533 760 2573 11
767 2525 845 2573 Psei-

105 2615 108 2624 »
184 2587 224 2630 ·5.
239 2584 274 2633 M·
287 2588 417 2638 Marcellus.
631 2595 670 2655 pio
682 2592 816 2640 AErnilisnut·

199 2652 223 2695 6·
246 2648 400 2703 Certnninum
424 2659 502 2722 singu·
552 2662 575 2706 ’1.
590 2655 722 2708 &Asilas
