<?xml version="1.0" encoding="UTF-8"?>
<!DOCTYPE html PUBLIC "-//W3C//DTD XHTML 1.0 Transitional//EN"
    "http://www.w3.org/TR/xhtml1/DTD/xhtml1-transitional.dtd">
<html xmlns="http://www.w3.org/1999/xhtml" xml:lang="en" lang="en">
 <head>
  <title>
</title>
<meta http-equiv="Content-Type" content="text/html;charset=utf-8" />
  <meta name='ocr-system' content='tesseract 3.04.00' />
  <meta name='ocr-capabilities' content='ocr_page ocr_carea ocr_par ocr_line ocrx_word'/>
</head>
<body>
  <div class='ocr_page' id='page_1' title='image "./valeriimaximifa00kappgoog_0080.png"; bbox 0 0 1842 2992; ppageno 0'>
   <div class='ocr_carea' id='block_1_1' title="bbox 168 183 748 245">
    <p class='ocr_par' dir='ltr' id='par_1_1' title="bbox 168 183 748 245">
     <span class='ocr_line' id='line_1_1' title="bbox 168 183 748 245; baseline 0.007 -4"><span class='ocrx_word' id='word_1_1' title='bbox 168 183 247 242; x_wconf 75' lang='lat' dir='ltr'>VAL-</span> <span class='ocrx_word' id='word_1_2' title='bbox 260 183 399 242; x_wconf 83' lang='lat' dir='ltr'>MAXIMI</span> <span class='ocrx_word' id='word_1_3' title='bbox 414 188 468 240; x_wconf 86' lang='lat' dir='ltr'><strong>Lm.</strong></span> <span class='ocrx_word' id='word_1_4' title='bbox 482 191 517 240; x_wconf 87' lang='grc' dir='ltr'><strong>ΙΙ.</strong></span> <span class='ocrx_word' id='word_1_5' title='bbox 537 191 597 244; x_wconf 79' lang='lat' dir='ltr'><strong>Car.</strong></span> <span class='ocrx_word' id='word_1_6' title='bbox 610 194 635 242; x_wconf 83' lang='lat' dir='ltr'><strong>s.</strong></span> <span class='ocrx_word' id='word_1_7' title='bbox 702 199 748 245; x_wconf 85' lang='grc'><strong>67·</strong></span> 
     </span>
    </p>
   </div>
   <div class='ocr_carea' id='block_1_2' title="bbox 63 317 781 2762">
    <p class='ocr_par' dir='ltr' id='par_1_2' title="bbox 63 317 781 1418">
     <span class='ocr_line' id='line_1_2' title="bbox 63 317 737 386; baseline 0.006 -16"><span class='ocrx_word' id='word_1_8' title='bbox 63 317 126 370; x_wconf 75' lang='lat' dir='ltr'><strong>&#39;disti</strong></span> <span class='ocrx_word' id='word_1_9' title='bbox 157 320 274 372; x_wconf 82' lang='lat' dir='ltr'><strong>Caetemm</strong></span> <span class='ocrx_word' id='word_1_10' title='bbox 284 323 339 386; x_wconf 87' lang='lat' dir='ltr'><strong>ipsa,</strong></span> <span class='ocrx_word' id='word_1_11' title='bbox 355 321 447 371; x_wconf 87' lang='lat' dir='ltr'><strong>hilarem</strong></span> <span class='ocrx_word' id='word_1_12' title='bbox 458 321 567 372; x_wconf 81' lang='lat' dir='ltr'><strong>Fortunae</strong></span> <span class='ocrx_word' id='word_1_13' title='bbox 576 323 664 372; x_wconf 76' lang='lat' dir='ltr'><strong>uultum</strong></span> <span class='ocrx_word' id='word_1_14' title='bbox 676 339 737 374; x_wconf 79' lang='lat' dir='ltr'><strong>tem·</strong></span> 
     </span>
     <span class='ocr_line' id='line_1_3' title="bbox 65 389 735 454; baseline 0.006 -21"><span class='ocrx_word' id='word_1_15' title='bbox 65 404 107 450; x_wconf 91' lang='lat' dir='ltr'><strong>per</strong></span> <span class='ocrx_word' id='word_1_16' title='bbox 116 394 217 450; x_wconf 82' lang='lat' dir='ltr'><strong>experta,</strong></span> <span class='ocrx_word' id='word_1_17' title='bbox 233 403 262 434; x_wconf 91' lang='lat' dir='ltr'><strong>ne</strong></span> <span class='ocrx_word' id='word_1_18' title='bbox 276 389 381 434; x_wconf 86' lang='lat' dir='ltr'><strong>aviditate</strong></span> <span class='ocrx_word' id='word_1_19' title='bbox 394 389 451 435; x_wconf 84' lang='lat' dir='ltr'><strong>lucis</strong></span> <span class='ocrx_word' id='word_1_20' title='bbox 464 390 550 436; x_wconf 84' lang='lat' dir='ltr'><strong>tristem</strong></span> <span class='ocrx_word' id='word_1_21' title='bbox 566 390 647 437; x_wconf 89' lang='lat' dir='ltr'><strong>intueri</strong></span> <span class='ocrx_word' id='word_1_22' title='bbox 658 405 735 454; x_wconf 84' lang='lat' dir='ltr'><strong>cogar,</strong></span> 
     </span>
     <span class='ocr_line' id='line_1_4' title="bbox 65 446 781 518; baseline 0.003 -20"><span class='ocrx_word' id='word_1_23' title='bbox 65 453 171 514; x_wconf 82' lang='lat' dir='ltr'><strong>reliquias</strong></span> <span class='ocrx_word' id='word_1_24' title='bbox 181 452 272 514; x_wconf 81' lang='lat' dir='ltr'><strong>spiritits</strong></span> <span class='ocrx_word' id='word_1_25' title='bbox 282 453 327 498; x_wconf 85' lang='lat' dir='ltr'><strong>mei</strong></span> <span class='ocrx_word' id='word_1_26' title='bbox 334 467 441 514; x_wconf 86' lang='lat' dir='ltr'><strong>prospero</strong></span> <span class='ocrx_word' id='word_1_27' title='bbox 449 446 500 506; x_wconf 78' lang='lat' dir='ltr'><strong>line,</strong></span> <span class='ocrx_word' id='word_1_28' title='bbox 510 455 565 500; x_wconf 90' lang='lat' dir='ltr'><strong>duas</strong></span> <span class='ocrx_word' id='word_1_29' title='bbox 575 453 637 509; x_wconf 83' lang='lat' dir='ltr'><strong>filias,</strong></span> <span class='ocrx_word' id='word_1_30' title='bbox 650 462 674 502; x_wconf 89' lang='lat' dir='ltr'><strong>et</strong></span> <span class='ocrx_word' id='word_1_31' title='bbox 684 472 736 518; x_wconf 86' lang='lat' dir='ltr'><strong>sep·</strong></span> <span class='ocrx_word' id='word_1_32' title='bbox 774 489 781 500; x_wconf 88' lang='lat'><em>.</em></span> 
     </span>
     <span class='ocr_line' id='line_1_5' title="bbox 65 518 736 583; baseline 0.004 -19"><span class='ocrx_word' id='word_1_33' title='bbox 65 525 113 564; x_wconf 88' lang='lat' dir='ltr'><strong>tem</strong></span> <span class='ocrx_word' id='word_1_34' title='bbox 140 525 247 579; x_wconf 82' lang='lat' dir='ltr'><strong>nepotum</strong></span> <span class='ocrx_word' id='word_1_35' title='bbox 273 533 367 579; x_wconf 83' lang='lat' dir='ltr'>gregem</span> <span class='ocrx_word' id='word_1_36' title='bbox 390 518 529 579; x_wconf 80' lang='lat' dir='ltr'><strong>superstitem</strong></span> <span class='ocrx_word' id='word_1_37' title='bbox 552 519 660 574; x_wconf 87' lang='lat' dir='ltr'><strong>relictum,</strong></span> <span class='ocrx_word' id='word_1_38' title='bbox 683 536 736 583; x_wconf 87' lang='lat' dir='ltr'><strong>per-</strong></span> 
     </span>
     <span class='ocr_line' id='line_1_6' title="bbox 65 580 737 638; baseline 0.004 -10"><span class='ocrx_word' id='word_1_39' title='bbox 65 580 159 628; x_wconf 86' lang='lat' dir='ltr'><strong>muto.’&#39;</strong></span> <span class='ocrx_word' id='word_1_40' title='bbox 177 581 301 630; x_wconf 87' lang='lat' dir='ltr'><strong>Cohortata</strong></span> <span class='ocrx_word' id='word_1_41' title='bbox 312 583 391 628; x_wconf 90' lang='lat' dir='ltr'><strong>deinde</strong></span> <span class='ocrx_word' id='word_1_42' title='bbox 401 583 429 628; x_wconf 87' lang='lat' dir='ltr'><strong>ad</strong></span> <span class='ocrx_word' id='word_1_43' title='bbox 439 584 580 630; x_wconf 87' lang='lat' dir='ltr'><strong>concordiam</strong></span> <span class='ocrx_word' id='word_1_44' title='bbox 592 599 651 638; x_wconf 86' lang='lat' dir='ltr'><strong>suos,</strong></span> <span class='ocrx_word' id='word_1_45' title='bbox 661 585 737 632; x_wconf 88' lang='lat' dir='ltr'><strong>distri-</strong></span> 
     </span>
     <span class='ocr_line' id='line_1_7' title="bbox 64 647 736 710; baseline 0.007 -17"><span class='ocrx_word' id='word_1_46' title='bbox 64 649 121 693; x_wconf 93' lang='lat' dir='ltr'><strong>buto</strong></span> <span class='ocrx_word' id='word_1_47' title='bbox 131 647 165 692; x_wconf 90' lang='lat' dir='ltr'><strong>eis</strong></span> <span class='ocrx_word' id='word_1_48' title='bbox 175 647 316 708; x_wconf 84' lang='lat' dir='ltr'><strong>patrimonio,</strong></span> <span class='ocrx_word' id='word_1_49' title='bbox 329 654 352 692; x_wconf 92' lang='lat' dir='ltr'><strong>et</strong></span> <span class='ocrx_word' id='word_1_50' title='bbox 362 647 423 694; x_wconf 88' lang='lat' dir='ltr'><strong>cultu</strong></span> <span class='ocrx_word' id='word_1_51' title='bbox 435 663 475 693; x_wconf 90' lang='lat' dir='ltr'><strong>suo</strong></span> <span class='ocrx_word' id='word_1_52' title='bbox 486 649 597 710; x_wconf 80' lang='lat' dir='ltr'><strong>sacrisque</strong></span> <span class='ocrx_word' id='word_1_53' title='bbox 607 648 736 698; x_wconf 78' lang='lat' dir='ltr'><strong>domesticis</strong></span> 
     </span>
     <span class='ocr_line' id='line_1_8' title="bbox 65 710 736 774; baseline 0.004 -16"><span class='ocrx_word' id='word_1_54' title='bbox 65 712 147 774; x_wconf 80' lang='lat' dir='ltr'><strong>majon&#39;</strong></span> <span class='ocrx_word' id='word_1_55' title='bbox 161 710 213 757; x_wconf 86' lang='lat' dir='ltr'><strong>filiae</strong></span> <span class='ocrx_word' id='word_1_56' title='bbox 227 711 321 765; x_wconf 87' lang='lat' dir='ltr'><strong>traditis,</strong></span> <span class='ocrx_word' id='word_1_57' title='bbox 336 712 449 772; x_wconf 91' lang='lat' dir='ltr'><strong>poculum,</strong></span> <span class='ocrx_word' id='word_1_58' title='bbox 465 712 543 772; x_wconf 93' lang='lat' dir='ltr'><strong>inquo</strong></span> <span class='ocrx_word' id='word_1_59' title='bbox 555 729 665 761; x_wconf 89' lang='lat' dir='ltr'><strong>venenum</strong></span> <span class='ocrx_word' id='word_1_60' title='bbox 677 721 736 761; x_wconf 87' lang='lat' dir='ltr'><strong>tem·</strong></span> 
     </span>
     <span class='ocr_line' id='line_1_9' title="bbox 65 774 737 838; baseline 0.004 -16"><span class='ocrx_word' id='word_1_61' title='bbox 65 783 170 838; x_wconf 86' lang='lat' dir='ltr'><strong>peratum</strong></span> <span class='ocrx_word' id='word_1_62' title='bbox 181 783 235 828; x_wconf 85' lang='lat' dir='ltr'><strong>erat,</strong></span> <span class='ocrx_word' id='word_1_63' title='bbox 248 777 359 822; x_wconf 83' lang='lat' dir='ltr'><strong>constanti</strong></span> <span class='ocrx_word' id='word_1_64' title='bbox 370 774 448 822; x_wconf 72' lang='lat' dir='ltr'><strong>dextri</strong></span> <span class='ocrx_word' id='word_1_65' title='bbox 459 777 556 838; x_wconf 83' lang='lat' dir='ltr'><strong>arn&#39;puit.</strong></span> <span class='ocrx_word' id='word_1_66' title='bbox 583 777 644 824; x_wconf 88' lang='lat' dir='ltr'><strong>Tum</strong></span> <span class='ocrx_word' id='word_1_67' title='bbox 653 778 737 826; x_wconf 81' lang='lat' dir='ltr'><strong>defusis</strong></span> 
     </span>
     <span class='ocr_line' id='line_1_10' title="bbox 63 840 737 906; baseline 0.004 -19"><span class='ocrx_word' id='word_1_68' title='bbox 63 841 186 902; x_wconf 74' lang='lat' dir='ltr'><strong>‘Mercurio</strong></span> <span class='ocrx_word' id='word_1_69' title='bbox 201 840 359 894; x_wconf 81' lang='lat' dir='ltr'><strong>delibamentis,</strong></span> <span class='ocrx_word' id='word_1_70' title='bbox 376 847 400 887; x_wconf 91' lang='lat' dir='ltr'><strong>et</strong></span> <span class='ocrx_word' id='word_1_71' title='bbox 413 841 517 888; x_wconf 88' lang='lat' dir='ltr'><strong>invocato</strong></span> <span class='ocrx_word' id='word_1_72' title='bbox 532 843 624 888; x_wconf 86' lang='lat' dir='ltr'><strong>numine</strong></span> <span class='ocrx_word' id='word_1_73' title='bbox 639 844 694 906; x_wconf 84' lang='lat' dir='ltr'><strong>ejus,</strong></span> <span class='ocrx_word' id='word_1_74' title='bbox 710 850 737 890; x_wconf 90' lang='lat' dir='ltr'><strong>ut</strong></span> 
     </span>
     <span class='ocr_line' id='line_1_11' title="bbox 67 905 737 968; baseline 0.004 -15"><span class='ocrx_word' id='word_1_75' title='bbox 67 922 93 953; x_wconf 87' lang='lat' dir='ltr'><strong>se</strong></span> <span class='ocrx_word' id='word_1_76' title='bbox 103 905 191 968; x_wconf 81' lang='lat' dir='ltr'><strong>placido</strong></span> <span class='ocrx_word' id='word_1_77' title='bbox 202 905 281 952; x_wconf 89' lang='lat' dir='ltr'><strong>itinere</strong></span> <span class='ocrx_word' id='word_1_78' title='bbox 291 906 314 950; x_wconf 92' lang='lat' dir='ltr'><strong>in</strong></span> <span class='ocrx_word' id='word_1_79' title='bbox 325 905 439 952; x_wconf 87' lang='lat' dir='ltr'><strong>meliorem</strong></span> <span class='ocrx_word' id='word_1_80' title='bbox 451 906 508 952; x_wconf 90' lang='lat' dir='ltr'><strong>sedis</strong></span> <span class='ocrx_word' id='word_1_81' title='bbox 516 907 610 953; x_wconf 85' lang='lat' dir='ltr'><strong>infernae</strong></span> <span class='ocrx_word' id='word_1_82' title='bbox 618 907 737 956; x_wconf 81' lang='lat' dir='ltr'><strong>deduceret</strong></span> 
     </span>
     <span class='ocr_line' id='line_1_12' title="bbox 64 969 734 1034; baseline 0.003 -18"><span class='ocrx_word' id='word_1_83' title='bbox 64 978 162 1034; x_wconf 83' lang='lat' dir='ltr'><strong>partem,</strong></span> <span class='ocrx_word' id='word_1_84' title='bbox 179 969 259 1031; x_wconf 87' lang='lat' dir='ltr'><strong>cupido</strong></span> <span class='ocrx_word' id='word_1_85' title='bbox 276 969 357 1016; x_wconf 87' lang='lat' dir='ltr'><strong>haustu</strong></span> <span class='ocrx_word' id='word_1_86' title='bbox 374 970 511 1016; x_wconf 79' lang='lat' dir='ltr'><strong>mortiferam</strong></span> <span class='ocrx_word' id='word_1_87' title='bbox 527 972 596 1016; x_wconf 83' lang='lat' dir='ltr'><strong>traxit</strong></span> <span class='ocrx_word' id='word_1_88' title='bbox 611 972 734 1032; x_wconf 90' lang='lat' dir='ltr'><strong>potionem.</strong></span> 
     </span>
     <span class='ocr_line' id='line_1_13' title="bbox 66 1033 739 1096; baseline 0 -14"><span class='ocrx_word' id='word_1_89' title='bbox 66 1037 104 1082; x_wconf 82' lang='lat' dir='ltr'><strong>Ac</strong></span> <span class='ocrx_word' id='word_1_90' title='bbox 120 1048 225 1081; x_wconf 85' lang='lat' dir='ltr'><strong>sennone</strong></span> <span class='ocrx_word' id='word_1_91' title='bbox 235 1033 369 1096; x_wconf 80' lang='lat' dir='ltr'><strong>significans,</strong></span> <span class='ocrx_word' id='word_1_92' title='bbox 382 1035 592 1095; x_wconf 86' lang='lat' dir='ltr'><strong>quasnamsubinde</strong></span> <span class='ocrx_word' id='word_1_93' title='bbox 602 1042 676 1096; x_wconf 87' lang='lat' dir='ltr'><strong>partes</strong></span> <span class='ocrx_word' id='word_1_94' title='bbox 688 1051 739 1082; x_wconf 91' lang='lat' dir='ltr'><strong>cor-</strong></span> 
     </span>
     <span class='ocr_line' id='line_1_14' title="bbox 65 1099 739 1162; baseline 0.003 -16"><span class='ocrx_word' id='word_1_95' title='bbox 65 1101 129 1162; x_wconf 82' lang='lat' dir='ltr'><strong>poris</strong></span> <span class='ocrx_word' id='word_1_96' title='bbox 145 1101 180 1144; x_wconf 88' lang='lat' dir='ltr'><strong>sul</strong></span> <span class='ocrx_word' id='word_1_97' title='bbox 193 1101 255 1160; x_wconf 81' lang='lat' dir='ltr'><strong>rigor</strong></span> <span class='ocrx_word' id='word_1_98' title='bbox 265 1109 389 1161; x_wconf 84' lang='lat' dir='ltr'><strong>occuparet,</strong></span> <span class='ocrx_word' id='word_1_99' title='bbox 402 1113 454 1144; x_wconf 90' lang='lat' dir='ltr'><strong>cum</strong></span> <span class='ocrx_word' id='word_1_100' title='bbox 461 1100 509 1159; x_wconf 83' lang='lat' dir='ltr'><strong>jam</strong></span> <span class='ocrx_word' id='word_1_101' title='bbox 519 1099 641 1145; x_wconf 78' lang='lat' dir='ltr'><strong>visceribus</strong></span> <span class='ocrx_word' id='word_1_102' title='bbox 652 1115 703 1146; x_wconf 87' lang='lat' dir='ltr'><strong>eum</strong></span> <span class='ocrx_word' id='word_1_103' title='bbox 714 1107 739 1148; x_wconf 88' lang='lat' dir='ltr'><strong>et</strong></span> 
     </span>
     <span class='ocr_line' id='line_1_15' title="bbox 66 1162 738 1220; baseline -0.003 -8"><span class='ocrx_word' id='word_1_104' title='bbox 66 1165 129 1212; x_wconf 89' lang='lat' dir='ltr'><strong>cordi</strong></span> <span class='ocrx_word' id='word_1_105' title='bbox 144 1165 261 1210; x_wconf 88' lang='lat' dir='ltr'><strong>imminere</strong></span> <span class='ocrx_word' id='word_1_106' title='bbox 276 1171 335 1210; x_wconf 84' lang='lat' dir='ltr'><strong>esset</strong></span> <span class='ocrx_word' id='word_1_107' title='bbox 350 1164 444 1216; x_wconf 88' lang='lat' dir='ltr'><strong>elocuta,</strong></span> <span class='ocrx_word' id='word_1_108' title='bbox 460 1162 554 1208; x_wconf 87' lang='lat' dir='ltr'><strong>filiarum</strong></span> <span class='ocrx_word' id='word_1_109' title='bbox 569 1178 649 1220; x_wconf 82' lang='lat' dir='ltr'><strong>manus</strong></span> <span class='ocrx_word' id='word_1_110' title='bbox 660 1163 688 1209; x_wconf 90' lang='lat' dir='ltr'><strong>ad</strong></span> <span class='ocrx_word' id='word_1_111' title='bbox 699 1179 738 1210; x_wconf 86' lang='lat' dir='ltr'><strong>su-</strong></span> 
     </span>
     <span class='ocr_line' id='line_1_16' title="bbox 65 1227 739 1293; baseline 0 -17"><span class='ocrx_word' id='word_1_112' title='bbox 65 1233 171 1293; x_wconf 83' lang='lat' dir='ltr'><strong>&#39;premum</strong></span> <span class='ocrx_word' id='word_1_113' title='bbox 187 1229 381 1290; x_wconf 86' lang='lat' dir='ltr'><strong>opprimendorum</strong></span> <span class='ocrx_word' id='word_1_114' title='bbox 396 1228 512 1274; x_wconf 89' lang='lat' dir='ltr'><strong>oculorum</strong></span> <span class='ocrx_word' id='word_1_115' title='bbox 530 1227 628 1274; x_wconf 86' lang='lat' dir='ltr'><strong>officium</strong></span> <span class='ocrx_word' id='word_1_116' title='bbox 642 1229 739 1276; x_wconf 87' lang='lat' dir='ltr'><strong>advoca-</strong></span> 
     </span>
     <span class='ocr_line' id='line_1_17' title="bbox 66 1293 738 1356; baseline -0.001 -14"><span class='ocrx_word' id='word_1_117' title='bbox 66 1297 109 1342; x_wconf 73' lang='lat' dir='ltr'><strong>rit.</strong></span> <span class='ocrx_word' id='word_1_118' title='bbox 128 1293 229 1340; x_wconf 86' lang='lat' dir='ltr'><strong>Nostros</strong></span> <span class='ocrx_word' id='word_1_119' title='bbox 237 1299 319 1346; x_wconf 87' lang='lat' dir='ltr'><strong>autem,</strong></span> <span class='ocrx_word' id='word_1_120' title='bbox 331 1293 421 1339; x_wconf 89' lang='lat' dir='ltr'><strong>tametsi</strong></span> <span class='ocrx_word' id='word_1_121' title='bbox 429 1307 489 1338; x_wconf 88' lang='lat' dir='ltr'><strong>novo</strong></span> <span class='ocrx_word' id='word_1_122' title='bbox 498 1293 624 1354; x_wconf 89' lang='lat' dir='ltr'><strong>spectaculo</strong></span> <span class='ocrx_word' id='word_1_123' title='bbox 633 1294 738 1356; x_wconf 88' lang='lat' dir='ltr'><strong>obstupe·</strong></span> 
     </span>
     <span class='ocr_line' id='line_1_18' title="bbox 65 1357 613 1418; baseline -0.007 -11"><span class='ocrx_word' id='word_1_124' title='bbox 65 1359 121 1407; x_wconf 78' lang='lat' dir='ltr'><strong>facti</strong></span> <span class='ocrx_word' id='word_1_125' title='bbox 132 1365 203 1412; x_wconf 86' lang='lat' dir='ltr'><strong>erant,</strong></span> <span class='ocrx_word' id='word_1_126' title='bbox 216 1357 313 1404; x_wconf 79' lang='lat' dir='ltr'><strong>suffusos</strong></span> <span class='ocrx_word' id='word_1_127' title='bbox 323 1365 398 1404; x_wconf 85' lang='lat' dir='ltr'><strong>tamen</strong></span> <span class='ocrx_word' id='word_1_128' title='bbox 408 1357 513 1418; x_wconf 83' lang='lat' dir='ltr'><strong>lacrymis</strong></span> <span class='ocrx_word' id='word_1_129' title='bbox 524 1357 613 1404; x_wconf 84' lang='lat' dir='ltr'><strong>dimisit.</strong></span> 
     </span>
    </p>

    <p class='ocr_par' dir='ltr' id='par_1_3' title="bbox 66 1421 740 1812">
     <span class='ocr_line' id='line_1_19' title="bbox 100 1421 737 1488; baseline 0.002 -17"><span class='ocrx_word' id='word_1_130' title='bbox 100 1421 151 1488; x_wconf 84' lang='lat'>(9.)</span> <span class='ocrx_word' id='word_1_131' title='bbox 170 1423 221 1476; x_wconf 84' lang='lat' dir='ltr'><strong>Sed,</strong></span> <span class='ocrx_word' id='word_1_132' title='bbox 237 1431 263 1469; x_wconf 92' lang='lat' dir='ltr'><strong>ut</strong></span> <span class='ocrx_word' id='word_1_133' title='bbox 277 1423 305 1469; x_wconf 90' lang='lat' dir='ltr'><strong>ad</strong></span> <span class='ocrx_word' id='word_1_134' title='bbox 317 1422 492 1469; x_wconf 83' lang='lat' dir='ltr'><strong>Massiliensium</strong></span> <span class='ocrx_word' id='word_1_135' title='bbox 507 1423 627 1478; x_wconf 84' lang='lat' dir='ltr'><strong>civitatem,</strong></span> <span class='ocrx_word' id='word_1_136' title='bbox 643 1425 703 1472; x_wconf 88' lang='lat' dir='ltr'><strong>unde</strong></span> <span class='ocrx_word' id='word_1_137' title='bbox 713 1425 737 1472; x_wconf 87' lang='lat' dir='ltr'><strong>in</strong></span> 
     </span>
     <span class='ocr_line' id='line_1_20' title="bbox 67 1487 738 1552; baseline 0.003 -16"><span class='ocrx_word' id='word_1_138' title='bbox 67 1491 111 1536; x_wconf 87' lang='lat' dir='ltr'><strong>hoc</strong></span> <span class='ocrx_word' id='word_1_139' title='bbox 126 1487 282 1534; x_wconf 84' lang='lat' dir='ltr'><strong>diverticulum</strong></span> <span class='ocrx_word' id='word_1_140' title='bbox 300 1488 392 1540; x_wconf 86' lang='lat' dir='ltr'><strong>excessi,</strong></span> <span class='ocrx_word' id='word_1_141' title='bbox 410 1494 515 1542; x_wconf 85' lang='lat' dir='ltr'><strong>revertar,</strong></span> <span class='ocrx_word' id='word_1_142' title='bbox 533 1489 616 1536; x_wconf 88' lang='lat' dir='ltr'><strong>intrare</strong></span> <span class='ocrx_word' id='word_1_143' title='bbox 631 1491 738 1552; x_wconf 86' lang='lat' dir='ltr'><strong>oppidum</strong></span> 
     </span>
     <span class='ocr_line' id='line_1_21' title="bbox 67 1553 736 1615; baseline -0.001 -13"><span class='ocrx_word' id='word_1_144' title='bbox 67 1568 147 1602; x_wconf 91' lang='lat' dir='ltr'><strong>eorum</strong></span> <span class='ocrx_word' id='word_1_145' title='bbox 162 1553 218 1598; x_wconf 79' lang='lat' dir='ltr'><strong>urdli</strong></span> <span class='ocrx_word' id='word_1_146' title='bbox 232 1567 283 1599; x_wconf 90' lang='lat' dir='ltr'><strong>cum</strong></span> <span class='ocrx_word' id='word_1_147' title='bbox 300 1553 346 1598; x_wconf 89' lang='lat' dir='ltr'><strong>telo</strong></span> <span class='ocrx_word' id='word_1_148' title='bbox 363 1553 432 1598; x_wconf 79' lang='lat' dir='ltr'><strong>liceti</strong></span> <span class='ocrx_word' id='word_1_149' title='bbox 447 1559 574 1614; x_wconf 88' lang='lat' dir='ltr'><strong>praestoque</strong></span> <span class='ocrx_word' id='word_1_150' title='bbox 591 1559 632 1608; x_wconf 82' lang='lat' dir='ltr'><strong>eat,</strong></span> <span class='ocrx_word' id='word_1_151' title='bbox 650 1555 688 1615; x_wconf 89' lang='lat' dir='ltr'><strong>qui</strong></span> <span class='ocrx_word' id='word_1_152' title='bbox 705 1555 736 1610; x_wconf 90' lang='lat' dir='ltr'><strong>id,</strong></span> 
     </span>
     <span class='ocr_line' id='line_1_22' title="bbox 67 1615 740 1682; baseline 0.001 -16"><span class='ocrx_word' id='word_1_153' title='bbox 67 1618 179 1666; x_wconf 74' lang='lat' dir='ltr'><strong>custodiae</strong></span> <span class='ocrx_word' id='word_1_154' title='bbox 189 1615 262 1678; x_wconf 76' lang='lat' dir='ltr'><strong>gratid</strong></span> <span class='ocrx_word' id='word_1_155' title='bbox 272 1623 394 1679; x_wconf 87' lang='lat' dir='ltr'><strong>acceptum,</strong></span> <span class='ocrx_word' id='word_1_156' title='bbox 407 1617 494 1663; x_wconf 85' lang='lat' dir='ltr'><strong>exituro</strong></span> <span class='ocrx_word' id='word_1_157' title='bbox 505 1619 595 1675; x_wconf 86' lang='lat' dir='ltr'><strong>reddat;</strong></span> <span class='ocrx_word' id='word_1_158' title='bbox 607 1626 633 1665; x_wconf 86' lang='lat' dir='ltr'><strong>ut</strong></span> <span class='ocrx_word' id='word_1_159' title='bbox 643 1620 740 1682; x_wconf 80' lang='lat' dir='ltr'><strong>hospitia</strong></span> 
     </span>
     <span class='ocr_line' id='line_1_23' title="bbox 67 1682 739 1744; baseline 0 -13"><span class='ocrx_word' id='word_1_160' title='bbox 67 1691 115 1737; x_wconf 81' lang='lat' dir='ltr'><strong>tua,</strong></span> <span class='ocrx_word' id='word_1_161' title='bbox 134 1682 321 1744; x_wconf 85' lang='lat' dir='ltr'><strong>quemadmodum</strong></span> <span class='ocrx_word' id='word_1_162' title='bbox 335 1682 501 1730; x_wconf 81' lang='lat' dir='ltr'><strong>advenientibus</strong></span> <span class='ocrx_word' id='word_1_163' title='bbox 517 1684 615 1730; x_wconf 83' lang='lat' dir='ltr'><strong>bumana</strong></span> <span class='ocrx_word' id='word_1_164' title='bbox 629 1691 690 1740; x_wconf 80' lang='lat' dir='ltr'><strong>sunt,</strong></span> <span class='ocrx_word' id='word_1_165' title='bbox 707 1685 739 1732; x_wconf 87' lang='lat' dir='ltr'><strong>ita</strong></span> 
     </span>
     <span class='ocr_line' id='line_1_24' title="bbox 66 1747 344 1812; baseline -0.014 -16"><span class='ocrx_word' id='word_1_166' title='bbox 66 1749 121 1812; x_wconf 85' lang='lat' dir='ltr'><strong>ipsis</strong></span> <span class='ocrx_word' id='word_1_167' title='bbox 133 1761 223 1808; x_wconf 89' lang='lat' dir='ltr'><strong>quoque</strong></span> <span class='ocrx_word' id='word_1_168' title='bbox 233 1753 281 1793; x_wconf 88' lang='lat' dir='ltr'><strong>tuta</strong></span> <span class='ocrx_word' id='word_1_169' title='bbox 292 1747 344 1792; x_wconf 89' lang='lat' dir='ltr'><strong>sint.</strong></span> 
     </span>
    </p>

    <p class='ocr_par' dir='ltr' id='par_1_4' title="bbox 66 1810 741 2196">
     <span class='ocr_line' id='line_1_25' title="bbox 101 1810 741 1876; baseline 0.002 -18"><span class='ocrx_word' id='word_1_170' title='bbox 101 1810 169 1876; x_wconf 89' lang='grc'>(10.)</span> <span class='ocrx_word' id='word_1_171' title='bbox 187 1810 278 1857; x_wconf 88' lang='lat' dir='ltr'><strong>Horum</strong></span> <span class='ocrx_word' id='word_1_172' title='bbox 289 1812 373 1858; x_wconf 85' lang='lat' dir='ltr'><strong>moenia</strong></span> <span class='ocrx_word' id='word_1_173' title='bbox 383 1826 474 1874; x_wconf 87' lang='lat' dir='ltr'><strong>egresso</strong></span> <span class='ocrx_word' id='word_1_174' title='bbox 488 1818 554 1858; x_wconf 88' lang='lat' dir='ltr'><strong>vetus</strong></span> <span class='ocrx_word' id='word_1_175' title='bbox 567 1811 669 1859; x_wconf 87' lang='lat' dir='ltr'><strong>ille&#39;mos</strong></span> <span class='ocrx_word' id='word_1_176' title='bbox 682 1811 741 1860; x_wconf 85' lang='lat' dir='ltr'><strong>Gal-</strong></span> 
     </span>
     <span class='ocr_line' id='line_1_26' title="bbox 66 1875 740 1937; baseline -0.006 -11"><span class='ocrx_word' id='word_1_177' title='bbox 66 1879 142 1926; x_wconf 89' lang='lat' dir='ltr'><strong>lorum</strong></span> <span class='ocrx_word' id='word_1_178' title='bbox 154 1877 258 1928; x_wconf 74' lang='lat' dir='ltr'><strong>occurn&#39;t,</strong></span> <span class='ocrx_word' id='word_1_179' title='bbox 271 1891 327 1936; x_wconf 94' lang='lat' dir='ltr'><strong>quos</strong></span> <span class='ocrx_word' id='word_1_180' title='bbox 337 1875 444 1922; x_wconf 70' lang='lat' dir='ltr'><strong>memorii</strong></span> <span class='ocrx_word' id='word_1_181' title='bbox 454 1875 566 1937; x_wconf 89' lang='lat' dir='ltr'><strong>proditum</strong></span> <span class='ocrx_word' id='word_1_182' title='bbox 577 1883 619 1928; x_wconf 88' lang='lat' dir='ltr'><strong>est,</strong></span> <span class='ocrx_word' id='word_1_183' title='bbox 634 1877 740 1937; x_wconf 86' lang='lat' dir='ltr'><strong>pecunias</strong></span> 
     </span>
     <span class='ocr_line' id='line_1_27' title="bbox 68 1939 740 2002; baseline -0.006 -12"><span class='ocrx_word' id='word_1_184' title='bbox 68 1950 167 1996; x_wconf 84' lang='lat' dir='ltr'><strong>mutuas,</strong></span> <span class='ocrx_word' id='word_1_185' title='bbox 185 1955 236 2001; x_wconf 86' lang='lat' dir='ltr'><strong>quae</strong></span> <span class='ocrx_word' id='word_1_186' title='bbox 251 1941 285 1986; x_wconf 89' lang='lat' dir='ltr'><strong>bis</strong></span> <span class='ocrx_word' id='word_1_187' title='bbox 299 1941 357 2002; x_wconf 88' lang='lat' dir='ltr'><strong>apud</strong></span> <span class='ocrx_word' id='word_1_188' title='bbox 372 1941 455 1988; x_wconf 85' lang='lat' dir='ltr'><strong>inferos</strong></span> <span class='ocrx_word' id='word_1_189' title='bbox 470 1939 620 1992; x_wconf 87' lang='lat' dir='ltr'><strong>redderentur,</strong></span> <span class='ocrx_word' id='word_1_190' title='bbox 639 1941 691 1986; x_wconf 86' lang='lat' dir='ltr'><strong>dare</strong></span> <span class='ocrx_word' id='word_1_191' title='bbox 702 1955 740 1986; x_wconf 86' lang='lat' dir='ltr'><strong>so-</strong></span> 
     </span>
     <span class='ocr_line' id='line_1_28' title="bbox 66 2003 739 2066; baseline -0.001 -14"><span class='ocrx_word' id='word_1_192' title='bbox 66 2010 136 2064; x_wconf 85' lang='lat' dir='ltr'><strong>litos;</strong></span> <span class='ocrx_word' id='word_1_193' title='bbox 154 2005 207 2066; x_wconf 89' lang='lat' dir='ltr'><strong>quia</strong></span> <span class='ocrx_word' id='word_1_194' title='bbox 223 2019 353 2066; x_wconf 76' lang='lat' dir='ltr'><strong>persuasum</strong></span> <span class='ocrx_word' id='word_1_195' title='bbox 368 2006 499 2056; x_wconf 83' lang='lat' dir='ltr'><strong>babuerunt,</strong></span> <span class='ocrx_word' id='word_1_196' title='bbox 520 2003 605 2050; x_wconf 88' lang='lat' dir='ltr'><strong>animas</strong></span> <span class='ocrx_word' id='word_1_197' title='bbox 622 2005 739 2052; x_wconf 91' lang='lat' dir='ltr'><strong>hominum</strong></span> 
     </span>
     <span class='ocr_line' id='line_1_29' title="bbox 68 2067 741 2122; baseline -0.003 -4"><span class='ocrx_word' id='word_1_198' title='bbox 68 2069 209 2119; x_wconf 84' lang='lat' dir='ltr'><strong>immortales</strong></span> <span class='ocrx_word' id='word_1_199' title='bbox 223 2085 278 2116; x_wconf 85' lang='lat' dir='ltr'><strong>esse.</strong></span> <span class='ocrx_word' id='word_1_200' title='bbox 300 2069 408 2116; x_wconf 87' lang='lat' dir='ltr'><strong>Dicerem</strong></span> <span class='ocrx_word' id='word_1_201' title='bbox 419 2069 507 2122; x_wconf 85' lang='lat' dir='ltr'><strong>stultos,</strong></span> <span class='ocrx_word' id='word_1_202' title='bbox 519 2068 562 2114; x_wconf 88' lang='lat' dir='ltr'><strong>nisi</strong></span> <span class='ocrx_word' id='word_1_203' title='bbox 572 2067 631 2114; x_wconf 85' lang='lat' dir='ltr'><strong>idem</strong></span> <span class='ocrx_word' id='word_1_204' title='bbox 641 2069 741 2116; x_wconf 72' lang='lat' dir='ltr'><strong>trachali</strong></span> 
     </span>
     <span class='ocr_line' id='line_1_30' title="bbox 69 2131 650 2196; baseline -0.007 -13"><span class='ocrx_word' id='word_1_205' title='bbox 69 2137 201 2187; x_wconf 82' lang='lat' dir='ltr'><strong>sensissent,</strong></span> <span class='ocrx_word' id='word_1_206' title='bbox 214 2133 273 2194; x_wconf 89' lang='lat' dir='ltr'><strong>quod</strong></span> <span class='ocrx_word' id='word_1_207' title='bbox 283 2135 385 2196; x_wconf 88' lang='lat' dir='ltr'><strong>palliatus</strong></span> <span class='ocrx_word' id='word_1_208' title='bbox 396 2133 539 2196; x_wconf 83' lang='lat' dir='ltr'><strong>Pythagoras</strong></span> <span class='ocrx_word' id='word_1_209' title='bbox 550 2131 650 2179; x_wconf 89' lang='lat' dir='ltr'><strong>credidit.</strong></span> 
     </span>
    </p>

    <p class='ocr_par' dir='ltr' id='par_1_5' title="bbox 68 2195 745 2718">
     <span class='ocr_line' id='line_1_31' title="bbox 102 2195 739 2266; baseline 0 -20"><span class='ocrx_word' id='word_1_210' title='bbox 102 2198 125 2266; x_wconf 89' lang='lat' dir='ltr'><strong>(l</strong></span> <span class='ocrx_word' id='word_1_211' title='bbox 133 2198 172 2260; x_wconf 89' lang='lat' dir='ltr'><strong>r.)</strong></span> <span class='ocrx_word' id='word_1_212' title='bbox 182 2199 259 2245; x_wconf 72' lang='lat' dir='ltr'><strong>Asara</strong></span> <span class='ocrx_word' id='word_1_213' title='bbox 269 2205 292 2245; x_wconf 89' lang='lat' dir='ltr'><strong>et</strong></span> <span class='ocrx_word' id='word_1_214' title='bbox 302 2198 445 2245; x_wconf 83' lang='lat' dir='ltr'><strong>i&#39;oeneratoria</strong></span> <span class='ocrx_word' id='word_1_215' title='bbox 456 2195 574 2245; x_wconf 78' lang='lat' dir='ltr'><strong>Gallorum</strong></span> <span class='ocrx_word' id='word_1_216' title='bbox 585 2197 724 2260; x_wconf 85' lang='lat' dir='ltr'><strong>philosophia</strong></span> <span class='ocrx_word' id='word_1_217' title='bbox 730 2215 739 2257; x_wconf 87' lang='lat'>;</span> 
     </span>
     <span class='ocr_line' id='line_1_32' title="bbox 69 2261 742 2323; baseline -0.004 -10"><span class='ocrx_word' id='word_1_218' title='bbox 69 2266 149 2314; x_wconf 83' lang='lat' dir='ltr'><strong>alacris</strong></span> <span class='ocrx_word' id='word_1_219' title='bbox 164 2271 188 2310; x_wconf 88' lang='lat' dir='ltr'><strong>et</strong></span> <span class='ocrx_word' id='word_1_220' title='bbox 202 2263 267 2310; x_wconf 76' lang='lat' dir='ltr'><strong>sortis</strong></span> <span class='ocrx_word' id='word_1_221' title='bbox 282 2261 433 2316; x_wconf 86' lang='lat' dir='ltr'><strong>Cimbrorum,</strong></span> <span class='ocrx_word' id='word_1_222' title='bbox 446 2269 469 2309; x_wconf 90' lang='lat' dir='ltr'><strong>et</strong></span> <span class='ocrx_word' id='word_1_223' title='bbox 480 2261 650 2317; x_wconf 88' lang='lat' dir='ltr'><strong>Celtiberorum,</strong></span> <span class='ocrx_word' id='word_1_224' title='bbox 665 2265 703 2323; x_wconf 91' lang='lat' dir='ltr'><strong>qui</strong></span> <span class='ocrx_word' id='word_1_225' title='bbox 717 2264 742 2310; x_wconf 88' lang='lat' dir='ltr'><strong>iu</strong></span> 
     </span>
     <span class='ocr_line' id='line_1_33' title="bbox 69 2327 742 2392; baseline -0.003 -14"><span class='ocrx_word' id='word_1_226' title='bbox 69 2333 120 2378; x_wconf 85' lang='lat' dir='ltr'><strong>scie</strong></span> <span class='ocrx_word' id='word_1_227' title='bbox 129 2329 212 2392; x_wconf 85' lang='lat' dir='ltr'><strong>gaudio</strong></span> <span class='ocrx_word' id='word_1_228' title='bbox 224 2328 369 2381; x_wconf 71' lang='lat' dir='ltr'><strong>exsultabant,</strong></span> <span class='ocrx_word' id='word_1_229' title='bbox 382 2335 495 2388; x_wconf 78' lang='lat' dir='ltr'><strong>tamquam</strong></span> <span class='ocrx_word' id='word_1_230' title='bbox 506 2327 605 2389; x_wconf 84' lang='lat' dir='ltr'><strong>gloriose</strong></span> <span class='ocrx_word' id='word_1_231' title='bbox 615 2333 638 2374; x_wconf 90' lang='lat' dir='ltr'><strong>et</strong></span> <span class='ocrx_word' id='word_1_232' title='bbox 648 2327 742 2376; x_wconf 78' lang='lat' dir='ltr'><strong>feliciter</strong></span> 
     </span>
     <span class='ocr_line' id='line_1_34' title="bbox 68 2392 744 2458; baseline -0.001 -15"><span class='ocrx_word' id='word_1_233' title='bbox 68 2395 117 2443; x_wconf 73' lang='lat' dir='ltr'><strong>vat</strong></span> <span class='ocrx_word' id='word_1_234' title='bbox 125 2394 255 2450; x_wconf 78' lang='lat' dir='ltr'><strong>excessurl3</strong></span> <span class='ocrx_word' id='word_1_235' title='bbox 266 2393 443 2440; x_wconf 87' lang='lat' dir='ltr'><strong>lamentabantur</strong></span> <span class='ocrx_word' id='word_1_236' title='bbox 450 2392 473 2438; x_wconf 89' lang='lat' dir='ltr'><strong>in</strong></span> <span class='ocrx_word' id='word_1_237' title='bbox 482 2394 567 2446; x_wconf 91' lang='lat' dir='ltr'><strong>morbo,</strong></span> <span class='ocrx_word' id='word_1_238' title='bbox 578 2393 640 2454; x_wconf 87' lang='lat' dir='ltr'><strong>quasi</strong></span> <span class='ocrx_word' id='word_1_239' title='bbox 649 2395 744 2458; x_wconf 86' lang='lat' dir='ltr'><strong>turpiter</strong></span> 
     </span>
     <span class='ocr_line' id='line_1_35' title="bbox 70 2455 744 2519; baseline 0 -12"><span class='ocrx_word' id='word_1_240' title='bbox 70 2469 94 2507; x_wconf 78' lang='lat' dir='ltr'><strong>et</strong></span> <span class='ocrx_word' id='word_1_241' title='bbox 111 2459 267 2506; x_wconf 86' lang='lat' dir='ltr'><strong>miserabiliter</strong></span> <span class='ocrx_word' id='word_1_242' title='bbox 286 2458 383 2519; x_wconf 88' lang='lat' dir='ltr'><strong>perituri.</strong></span> <span class='ocrx_word' id='word_1_243' title='bbox 411 2455 518 2504; x_wconf 77' lang='lat' dir='ltr'><strong>Celtiberi</strong></span> <span class='ocrx_word' id='word_1_244' title='bbox 535 2458 600 2505; x_wconf 85' lang='lat' dir='ltr'><strong>etiam</strong></span> <span class='ocrx_word' id='word_1_245' title='bbox 616 2457 679 2505; x_wconf 83' lang='lat' dir='ltr'><strong>nefas</strong></span> <span class='ocrx_word' id='word_1_246' title='bbox 693 2475 744 2507; x_wconf 84' lang='lat' dir='ltr'><strong>essa</strong></span> 
     </span>
     <span class='ocr_line' id='line_1_36' title="bbox 71 2523 743 2586; baseline -0.003 -14"><span class='ocrx_word' id='word_1_247' title='bbox 71 2527 191 2577; x_wconf 77' lang='lat' dir='ltr'><strong>ducebant,</strong></span> <span class='ocrx_word' id='word_1_248' title='bbox 209 2523 289 2585; x_wconf 86' lang='lat' dir='ltr'><strong>proelio</strong></span> <span class='ocrx_word' id='word_1_249' title='bbox 308 2535 430 2585; x_wconf 89' lang='lat' dir='ltr'><strong>superesse,</strong></span> <span class='ocrx_word' id='word_1_250' title='bbox 451 2537 502 2568; x_wconf 85' lang='lat' dir='ltr'><strong>cum</strong></span> <span class='ocrx_word' id='word_1_251' title='bbox 521 2523 541 2568; x_wconf 87' lang='lat' dir='ltr'><strong>is</strong></span> <span class='ocrx_word' id='word_1_252' title='bbox 560 2523 684 2577; x_wconf 87' lang='lat' dir='ltr'><strong>occidisset,</strong></span> <span class='ocrx_word' id='word_1_253' title='bbox 701 2539 743 2586; x_wconf 93' lang='lat' dir='ltr'><strong>pro</strong></span> 
     </span>
     <span class='ocr_line' id='line_1_37' title="bbox 71 2585 745 2653; baseline -0.003 -17"><span class='ocrx_word' id='word_1_254' title='bbox 71 2591 137 2653; x_wconf 75' lang='lat' dir='ltr'><strong>quus</strong></span> <span class='ocrx_word' id='word_1_255' title='bbox 154 2589 226 2635; x_wconf 81' lang='lat' dir='ltr'><strong>salute</strong></span> <span class='ocrx_word' id='word_1_256' title='bbox 245 2587 346 2650; x_wconf 74' lang='lat' dir='ltr'><strong>spiritum</strong></span> <span class='ocrx_word' id='word_1_257' title='bbox 366 2586 509 2634; x_wconf 82' lang='lat' dir='ltr'><strong>devoverant.</strong></span> <span class='ocrx_word' id='word_1_258' title='bbox 539 2585 662 2634; x_wconf 88' lang='lat' dir='ltr'><strong>Laudanda</strong></span> <span class='ocrx_word' id='word_1_259' title='bbox 682 2595 745 2634; x_wconf 86' lang='lat' dir='ltr'><strong>utro-</strong></span> 
     </span>
     <span class='ocr_line' id='line_1_38' title="bbox 70 2647 745 2718; baseline -0.007 -15"><span class='ocrx_word' id='word_1_260' title='bbox 70 2669 169 2717; x_wconf 85' lang='lat' dir='ltr'><strong>rumque</strong></span> <span class='ocrx_word' id='word_1_261' title='bbox 179 2652 312 2718; x_wconf 84' lang='lat' dir='ltr'><strong>populorum</strong></span> <span class='ocrx_word' id='word_1_262' title='bbox 323 2651 392 2702; x_wconf 81' lang='lat' dir='ltr'><strong>animi</strong></span> <span class='ocrx_word' id='word_1_263' title='bbox 403 2647 553 2716; x_wconf 69' lang='lat' dir='ltr'><strong>[prasentia]</strong></span> <span class='ocrx_word' id='word_1_264' title='bbox 565 2652 625 2714; x_wconf 88' lang='lat' dir='ltr'><strong>quod</strong></span> <span class='ocrx_word' id='word_1_265' title='bbox 636 2659 659 2699; x_wconf 88' lang='lat' dir='ltr'><strong>et</strong></span> <span class='ocrx_word' id='word_1_266' title='bbox 666 2651 745 2714; x_wconf 81' lang='lat' dir='ltr'><strong>patriae</strong></span> 
     </span>
    </p>

    <p class='ocr_par' dir='ltr' id='par_1_6' title="bbox 535 2730 551 2762">
     <span class='ocr_line' id='line_1_39' title="bbox 535 2730 551 2762; baseline 0 0"><span class='ocrx_word' id='word_1_267' title='bbox 535 2730 551 2762; x_wconf 78' lang='lat' dir='ltr'><strong>a</strong></span> 
     </span>
    </p>
   </div>
   <div class='ocr_carea' id='block_1_3' title="bbox 0 0 934 2992">
    <p class='ocr_par' dir='ltr' id='par_1_7' title="bbox 0 0 934 2992">
     <span class='ocr_line' id='line_1_40' title="bbox 0 0 934 2992; baseline 0 0"><span class='ocrx_word' id='word_1_268' title='bbox 0 0 934 2992; x_wconf 95' lang='lat' dir='ltr'><strong> </strong></span> 
     </span>
    </p>
   </div>
  </div>
 </body>
</html>
