1820 2982
154 169 234 218 vat„
246 169 383 220 Maxlnnl
401 169 454 220 Lu.
469 169 517 219 111.
535 168 594 220 Cur.
609 175 632 218 8.
685 175 728 220 tet
781 183 784 194 '

62 305 116 366 jore
126 299 229 364 penum
247 300 353 362 quoniam
361 299 430 362 prius,
441 315 508 362 quam
523 306 611 348 sontem
622 299 734 364 opprime-

69 375 111 421 ret,
124 366 222 428 sdpsum
232 365 288 412 vicit
297 364 420 428 Ephialtes.

103 428 155 496 (5.)
173 429 248 484 Quem
264 430 416 490 Syracusanus
427 428 490 476 Dion
501 429 629 478 diversitate
638 430 735 492 exempli

69 501 214 560 praegravst;
223 494 275 554 ‘qui
293 494 422 554 quibusdam
433 494 580 548 monentibus,
593 502 618 541 ut
628 496 735 542 adversus

70 558 211 609 Heracliden
222 566 245 606 et
256 555 381 619 Calippum.
393 573 488 619 quorum
498 558 549 604 fidei
558 559 678 620 plurimum
686 577 735 607 cre·

70 627 147 677 debet,
164 631 276 683 tamquam
291 623 380 668 insidias
395 623 416 669 ei
432 630 552 676 nectentes,
568 625 653 670 cautior
667 632 734 678 esset,

71 688 195 751 rospondit,
213 703 237 734 aa
251 684 298 734 vict
313 687 379 734 maile
393 688 506 740 excedere,
524 703 591 748 quam
608 697 670 736 metu
686 689 737 736 rio-

70 755 143 801 lentae
153 751 231 798 mortis
241 751 325 813 unicos
334 752 552 814 inimicosquejuxta
561 767 651 814 ponere

109 815 158 880 (6.)
176 815 245 870 Quod
260 817 365 877 sequitur,
381 823 404 863 et
418 817 449 862 rei
463 817 532 878 ipsius
546 817 696 871 admiratione.
714 824 738 864 et

73 882 177 930 claritate
194 881 298 934 auctoris,
317 881 409 928 illustre.
439 881 567 928 Alexander
586 880 737 928 Macedonum

73 961 124 1001 rex,
142 943 227 1006 inclyti
235 947 284 1008 jam
294 943 370 1008 pugni
380 946 570 993 excellentissimis
584 947 661 1007 opibus
672 946 738 993 Darii

73 1010 185 1064 contusis,
201 1017 259 1058 estu
272 1017 296 1056 et
308 1009 393 1058 itineris
406 1009 495 1056 fervore
509 1010 532 1055 in
548 1008 627 1058 Cilicii
640 1011 739 1072 percale-

72 1077 157 1129 factus,
174 1071 263 1135 Cydno,
280 1075 317 1136 qui
330 1089 394 1135 aquae
404 1075 490 1134 liquore
500 1074 632 1134 conspicuus
642 1073 739 1120 Tarsum

73 1138 193 1192 interfluit,
209 1154 289 1200 corpus
305 1155 369 1186 suum
384 1137 500 1183 immersit.
527 1137 605 1184 Subito
619 1137 698 1184 deinde
711 1153 741 1184 ex

75 1205 149 1252 nimio
159 1205 240 1250 haustu
254 1203 335 1266 rigoris
346 1201 502 1263 obstupefactis
516 1201 598 1255 nervis,
614 1217 639 1248 ac
650 1208 740 1264 torpore

74 1269 187 1318 hebetatis
201 1268 297 1321 anubus,
314 1264 411 1313 maximi
425 1281 477 1312 cum
493 1265 655 1313 exammatione
672 1267 741 1314 totius

75 1333 199 1386 exercitiis,
214 1331 238 1377 in
253 1333 357 1394 oppidum
375 1331 453 1380 muris
469 1331 617 1392 propinquum
634 1329 739 1378 defertur.

73 1399 171 1448 Jacehat
189 1411 251 1457 teger
268 1395 341 1450 Tarsi,
359 1396 427 1456 inque
443 1395 569 1443 vdetudiuc
585 1396 633 1458 ejus
649 1395 742 1444 adversi

74 1463 182 1510 instantis
198 1462 299 1508 notorie
313 1476 365 1523 spes
378 1459 506 1508 fluctuabat.
532 1459 611 1521 Itaque
627 1462 743 1510 convocati

77 1527 168 1580 medici,
184 1526 332 1575 attentissimo
346 1527 439 1574 consilio
455 1526 531 1572 salutis
541 1525 637 1574 remedia
647 1527 743 1574 circum·

76 1591 208 1654 spiciebant.
236 1591 282 1644 Qut
297 1605 348 1637 cum
358 1589 387 1636 ad
402 1605 468 1640 unum
482 1591 595 1652 potionem
610 1591 743 1638 sententiam

77 1655 220 1709 direxissent,
239 1662 305 1716 atque
318 1670 367 1704 eam
382 1655 498 1718 Phiiippus
508 1656 606 1702 medicus
616 1656 662 1702 auis
672 1656 744 1704 mani·

74 1724 121 1770 bru
132 1727 277 1781 temperatam
288 1719 417 1768 Alexandro
429 1721 488 1783 (erat
497 1727 571 1766 autem
581 1721 649 1782 ipsius
660 1721 745 1767 amicus

79 1793 105 1834 et
122 1782 209 1844 comes)
227 1784 369 1846 porrexisset,
387 1801 401 1832 a
416 1783 564 1830 Parmenione
581 1783 657 1830 missae
672 1784 744 1832 literae

80 1849 249 1912 superveniunt,
267 1849 419 1902 admonentes,
437 1855 462 1894 ut
479 1861 519 1892 rex
535 1847 625 1894 insidias
640 1846 743 1909 Philippi,

78 1915 174 1979 perinde
189 1927 215 1960 ac
231 1911 325 1976 pecunid
338 1913 435 1974 corrupti
445 1910 548 1964 aDario,
561 1917 656 1956 caveret.
682 1911 746 1964 Quas

80 1995 135 2027 oum
151 1978 251 2040 legisset.
271 1977 319 2025 aine
337 1977 383 2025 ulli
401 1975 542 2025 cunctatione
560 1974 745 2021 medicamentum

78 2042 164 2096 hausit,
183 2057 209 2088 ac
226 2049 280 2089 tunc
294 2041 401 2105 legendas
416 2041 518 2102 Philippo
529 2038 625 2086 tradidit.
645 2037 691 2084 Pro
702 2053 746 2100 quo

79 2117 129 2156 tam
148 2108 259 2154 constanti
276 2122 330 2170 erga
346 2107 442 2154 amicum
454 2103 546 2169 judicio,
564 2103 717 2166 dignissimam
734 2117 748 2149 a

79 2173 139 2222 Diis
144 2172 304 2220 immortalibus
318 2171 442 2220 mercedem
453 2168 536 2230 recepit
542 2186 550 2227 3
561 2169 598 2229 qui
608 2167 748 2224 incolumita-

79 2239 112 2288 tis
123 2238 173 2302 ejus
182 2237 310 2301 presidium
319 2236 376 2286 falso
385 2234 519 2300 interpellari
524 2233 609 2300 judicio
620 2232 745 2280 noluerunt
