<?xml version="1.0" encoding="UTF-8"?>
<!DOCTYPE html PUBLIC "-//W3C//DTD XHTML 1.0 Transitional//EN"
    "http://www.w3.org/TR/xhtml1/DTD/xhtml1-transitional.dtd">
<html xmlns="http://www.w3.org/1999/xhtml" xml:lang="en" lang="en">
 <head>
  <title>
</title>
<meta http-equiv="Content-Type" content="text/html;charset=utf-8" />
  <meta name='ocr-system' content='tesseract 3.04.00' />
  <meta name='ocr-capabilities' content='ocr_page ocr_carea ocr_par ocr_line ocrx_word'/>
</head>
<body>
  <div class='ocr_page' id='page_1' title='image "./valeriimaximifa00kappgoog_0052.png"; bbox 0 0 1842 2992; ppageno 0'>
   <div class='ocr_carea' id='block_1_1' title="bbox 175 153 744 348">
    <p class='ocr_par' dir='ltr' id='par_1_1' title="bbox 175 153 744 348">
     <span class='ocr_line' id='line_1_1' title="bbox 177 153 742 213; baseline 0.011 -11"><span class='ocrx_word' id='word_1_1' title='bbox 177 153 634 213; x_wconf 64' lang='lat' dir='ltr'>,vnn-Msxlnlnre1.cir.,s</span> <span class='ocrx_word' id='word_1_2' title='bbox 709 163 742 208; x_wconf 73' lang='lat'>8⁹</span> 
     </span>
     <span class='ocr_line' id='line_1_2' title="bbox 175 280 744 348; baseline 0.011 -19"><span class='ocrx_word' id='word_1_3' title='bbox 175 281 233 330; x_wconf 84' lang='lat' dir='ltr'>tium</span> <span class='ocrx_word' id='word_1_4' title='bbox 265 280 396 346; x_wconf 84' lang='lat' dir='ltr'>Dripetines</span> <span class='ocrx_word' id='word_1_5' title='bbox 427 286 466 334; x_wconf 86' lang='grc'>17.</span> <span class='ocrx_word' id='word_1_6' title='bbox 485 282 744 348; x_wconf 78' lang='lat' dir='ltr'>PolystntietHippo·</span> 
     </span>
    </p>
   </div>
   <div class='ocr_carea' id='block_1_2' title="bbox 175 333 833 412">
    <p class='ocr_par' dir='ltr' id='par_1_2' title="bbox 175 333 833 412">
     <span class='ocr_line' id='line_1_3' title="bbox 175 333 833 412; baseline 0 -18"><span class='ocrx_word' id='word_1_7' title='bbox 175 345 384 395; x_wconf 64' lang='lat' dir='ltr'>mensurna.</span> <span class='ocrx_word' id='word_1_8' title='bbox 521 349 585 398; x_wconf 71' lang='lat' dir='ltr'>caus</span> <span class='ocrx_word' id='word_1_9' title='bbox 598 349 744 412; x_wconf 53' lang='lat' dir='ltr'>porrosque</span> <span class='ocrx_word' id='word_1_10' title='bbox 832 333 833 338; x_wconf 77' lang='grc'>’</span> 
     </span>
    </p>
   </div>
   <div class='ocr_carea' id='block_1_3' title="bbox 73 409 743 846">
    <p class='ocr_par' dir='ltr' id='par_1_3' title="bbox 73 409 743 846">
     <span class='ocr_line' id='line_1_4' title="bbox 73 409 743 462; baseline 0.009 -5"><span class='ocrx_word' id='word_1_11' title='bbox 73 413 115 458; x_wconf 75' lang='grc'>14.</span> <span class='ocrx_word' id='word_1_12' title='bbox 137 409 215 459; x_wconf 86' lang='lat' dir='ltr'>Rarus</span> <span class='ocrx_word' id='word_1_13' title='bbox 225 412 396 459; x_wconf 86' lang='lat' dir='ltr'>etaoutissimus</span> <span class='ocrx_word' id='word_1_14' title='bbox 522 429 572 461; x_wconf 91' lang='lat' dir='ltr'>rum</span> <span class='ocrx_word' id='word_1_15' title='bbox 587 413 697 462; x_wconf 85' lang='lat' dir='ltr'>simillima</span> <span class='ocrx_word' id='word_1_16' title='bbox 707 413 743 462; x_wconf 79' lang='lat' dir='ltr'>vi·</span> 
     </span>
     <span class='ocr_line' id='line_1_5' title="bbox 175 476 552 526; baseline 0.008 -4"><span class='ocrx_word' id='word_1_17' title='bbox 175 476 238 522; x_wconf 81' lang='lat' dir='ltr'>visus</span> <span class='ocrx_word' id='word_1_18' title='bbox 281 477 395 524; x_wconf 71' lang='lat' dir='ltr'>Strabonis</span> <span class='ocrx_word' id='word_1_19' title='bbox 521 485 552 526; x_wconf 87' lang='lat' dir='ltr'>ta.</span> 
     </span>
     <span class='ocr_line' id='line_1_6' title="bbox 177 539 741 616; baseline 0.007 -29"><span class='ocrx_word' id='word_1_20' title='bbox 177 539 273 601; x_wconf 77' lang='lat' dir='ltr'>Lyncei</span> <span class='ocrx_word' id='word_1_21' title='bbox 429 545 466 588; x_wconf 85' lang='lat'>18.</span> <span class='ocrx_word' id='word_1_22' title='bbox 485 540 597 591; x_wconf 85' lang='lat' dir='ltr'>Miraeuln</span> <span class='ocrx_word' id='word_1_23' title='bbox 639 542 741 616; x_wconf 72' lang='lat' dir='ltr'>quedem</span> 
     </span>
     <span class='ocr_line' id='line_1_7' title="bbox 75 602 615 655; baseline 0.007 -5"><span class='ocrx_word' id='word_1_24' title='bbox 75 604 118 652; x_wconf 79' lang='lat'>15.</span> <span class='ocrx_word' id='word_1_25' title='bbox 139 602 290 652; x_wconf 71' lang='lat' dir='ltr'><strong>Aristomenis</strong></span> <span class='ocrx_word' id='word_1_26' title='bbox 306 604 396 653; x_wconf 85' lang='lat' dir='ltr'>Messe·</span> <span class='ocrx_word' id='word_1_27' title='bbox 522 614 615 655; x_wconf 82' lang='lat' dir='ltr'>naturae.</span> 
     </span>
     <span class='ocr_line' id='line_1_8' title="bbox 176 669 742 734; baseline 0.007 -20"><span class='ocrx_word' id='word_1_28' title='bbox 176 669 257 716; x_wconf 83' lang='lat' dir='ltr'>niioor</span> <span class='ocrx_word' id='word_1_29' title='bbox 266 669 370 732; x_wconf 86' lang='lat' dir='ltr'>pilosum.</span> <span class='ocrx_word' id='word_1_30' title='bbox 427 673 466 720; x_wconf 87' lang='grc'>19.</span> <span class='ocrx_word' id='word_1_31' title='bbox 485 669 581 733; x_wconf 78' lang='lat' dir='ltr'>Serpens</span> <span class='ocrx_word' id='word_1_32' title='bbox 603 671 632 720; x_wconf 87' lang='lat' dir='ltr'>sd</span> <span class='ocrx_word' id='word_1_33' title='bbox 652 669 742 734; x_wconf 76' lang='lat' dir='ltr'>Bagra-</span> 
     </span>
     <span class='ocr_line' id='line_1_9' title="bbox 75 733 580 810; baseline 0.01 -31"><span class='ocrx_word' id='word_1_34' title='bbox 75 735 117 780; x_wconf 86' lang='grc'>16.</span> <span class='ocrx_word' id='word_1_35' title='bbox 136 733 251 794; x_wconf 74' lang='lat' dir='ltr'>Antipatri</span> <span class='ocrx_word' id='word_1_36' title='bbox 266 733 339 810; x_wconf 55' lang='lat' dir='ltr'>petae</span> <span class='ocrx_word' id='word_1_37' title='bbox 355 749 395 780; x_wconf 89' lang='lat' dir='ltr'>an·</span> <span class='ocrx_word' id='word_1_38' title='bbox 522 736 580 784; x_wconf 80' lang='lat' dir='ltr'>dam·</span> 
     </span>
     <span class='ocr_line' id='line_1_10' title="bbox 175 797 378 846; baseline 0 -2"><span class='ocrx_word' id='word_1_39' title='bbox 175 797 378 846; x_wconf 77' lang='lat' dir='ltr'>niversasist&#39;ebris.</span> 
     </span>
    </p>
   </div>
   <div class='ocr_carea' id='block_1_4' title="bbox 75 919 742 1361">
    <p class='ocr_par' dir='ltr' id='par_1_4' title="bbox 75 919 740 1177">
     <span class='ocr_line' id='line_1_11' title="bbox 109 919 739 998; baseline -0.002 -30"><span class='ocrx_word' id='word_1_40' title='bbox 109 919 190 968; x_wconf 87' lang='lat' dir='ltr'>Multa</span> <span class='ocrx_word' id='word_1_41' title='bbox 210 920 277 967; x_wconf 61' lang='lat' dir='ltr'>aiam</span> <span class='ocrx_word' id='word_1_42' title='bbox 297 921 393 969; x_wconf 74' lang='lat' dir='ltr'>interdiu</span> <span class='ocrx_word' id='word_1_43' title='bbox 407 929 430 970; x_wconf 87' lang='lat' dir='ltr'>et</span> <span class='ocrx_word' id='word_1_44' title='bbox 428 922 587 998; x_wconf 44' lang='lat' dir='ltr'>“vigilantibus</span> <span class='ocrx_word' id='word_1_45' title='bbox 605 921 739 975; x_wconf 79' lang='lat' dir='ltr'>acciderunt,</span> 
     </span>
     <span class='ocr_line' id='line_1_12' title="bbox 75 986 740 1066; baseline 0 -34"><span class='ocrx_word' id='word_1_46' title='bbox 75 986 171 1047; x_wconf 81' lang='lat' dir='ltr'>perinde</span> <span class='ocrx_word' id='word_1_47' title='bbox 181 1000 207 1032; x_wconf 85' lang='lat' dir='ltr'>ao</span> <span class='ocrx_word' id='word_1_48' title='bbox 215 987 354 1034; x_wconf 86' lang='lat' dir='ltr'>tenebrarum</span> <span class='ocrx_word' id='word_1_49' title='bbox 363 987 486 1066; x_wconf 86' lang='lat' dir='ltr'>somniique</span> <span class='ocrx_word' id='word_1_50' title='bbox 494 987 552 1032; x_wconf 84' lang='lat' dir='ltr'>nube</span> <span class='ocrx_word' id='word_1_51' title='bbox 559 987 672 1034; x_wconf 91' lang='lat' dir='ltr'>involuta</span> <span class='ocrx_word' id='word_1_52' title='bbox 665 1001 740 1046; x_wconf 64' lang='lat' dir='ltr'>‚quen</span> 
     </span>
     <span class='ocr_line' id='line_1_13' title="bbox 75 1048 740 1110; baseline -0.002 -14"><span class='ocrx_word' id='word_1_53' title='bbox 75 1050 131 1110; x_wconf 86' lang='lat' dir='ltr'>quia</span> <span class='ocrx_word' id='word_1_54' title='bbox 145 1049 206 1096; x_wconf 88' lang='lat' dir='ltr'>unde</span> <span class='ocrx_word' id='word_1_55' title='bbox 220 1052 364 1105; x_wconf 84' lang='lat' dir='ltr'>manaverint,</span> <span class='ocrx_word' id='word_1_56' title='bbox 381 1058 420 1098; x_wconf 89' lang='lat' dir='ltr'>aut</span> <span class='ocrx_word' id='word_1_57' title='bbox 434 1048 577 1110; x_wconf 76' lang='lat' dir='ltr'>quitatione</span> <span class='ocrx_word' id='word_1_58' title='bbox 593 1050 740 1104; x_wconf 73' lang='lat' dir='ltr'>constiterint,</span> 
     </span>
     <span class='ocr_line' id='line_1_14' title="bbox 77 1113 700 1177; baseline -0.005 -16"><span class='ocrx_word' id='word_1_59' title='bbox 77 1113 213 1177; x_wconf 71' lang='lat' dir='ltr'>dignoscere</span> <span class='ocrx_word' id='word_1_60' title='bbox 222 1113 314 1160; x_wconf 90' lang='lat' dir='ltr'>arduum</span> <span class='ocrx_word' id='word_1_61' title='bbox 325 1123 366 1170; x_wconf 84' lang='lat' dir='ltr'>est,</span> <span class='ocrx_word' id='word_1_62' title='bbox 379 1115 459 1161; x_wconf 89' lang='lat' dir='ltr'>merito</span> <span class='ocrx_word' id='word_1_63' title='bbox 470 1114 575 1160; x_wconf 83' lang='lat' dir='ltr'>miracula</span> <span class='ocrx_word' id='word_1_64' title='bbox 584 1121 700 1160; x_wconf 83' lang='lat' dir='ltr'>vocentur.</span> 
     </span>
    </p>

    <p class='ocr_par' dir='ltr' id='par_1_5' title="bbox 76 1175 742 1354">
     <span class='ocr_line' id='line_1_15' title="bbox 111 1175 742 1242; baseline -0.003 -18"><span class='ocrx_word' id='word_1_65' title='bbox 111 1180 147 1242; x_wconf 90' lang='grc'>(1.</span> <span class='ocrx_word' id='word_1_66' title='bbox 152 1175 162 1238; x_wconf 97' lang='grc'>)</span> <span class='ocrx_word' id='word_1_67' title='bbox 181 1177 283 1232; x_wconf 75' lang='lat' dir='ltr'>Quorum</span> <span class='ocrx_word' id='word_1_68' title='bbox 298 1194 312 1226; x_wconf 90' lang='lat' dir='ltr'>e</span> <span class='ocrx_word' id='word_1_69' title='bbox 327 1193 411 1241; x_wconf 76' lang='lat' dir='ltr'>magno</span> <span class='ocrx_word' id='word_1_70' title='bbox 422 1193 502 1224; x_wconf 83' lang='lat' dir='ltr'>acervo</span> <span class='ocrx_word' id='word_1_71' title='bbox 517 1193 540 1224; x_wconf 88' lang='grc' dir='ltr'>ιιι</span> <span class='ocrx_word' id='word_1_72' title='bbox 550 1193 627 1240; x_wconf 77' lang='lat' dir='ltr'>prunis</span> <span class='ocrx_word' id='word_1_73' title='bbox 638 1177 742 1224; x_wconf 84' lang='lat' dir='ltr'>rlludoc</span> 
     </span>
     <span class='ocr_line' id='line_1_16' title="bbox 77 1241 742 1304; baseline -0.003 -14"><span class='ocrx_word' id='word_1_74' title='bbox 77 1243 156 1290; x_wconf 79' lang='lat' dir='ltr'>currit.</span> <span class='ocrx_word' id='word_1_75' title='bbox 186 1241 246 1291; x_wconf 86' lang='lat' dir='ltr'>eum</span> <span class='ocrx_word' id='word_1_76' title='bbox 265 1243 323 1304; x_wconf 87' lang='lat' dir='ltr'>apud</span> <span class='ocrx_word' id='word_1_77' title='bbox 339 1244 413 1290; x_wconf 85' lang='lat' dir='ltr'>lacum</span> <span class='ocrx_word' id='word_1_78' title='bbox 432 1242 547 1304; x_wconf 75' lang='lat' dir='ltr'>Regillum</span> <span class='ocrx_word' id='word_1_79' title='bbox 567 1241 597 1289; x_wconf 88' lang='lat' dir='ltr'>A.</span> <span class='ocrx_word' id='word_1_80' title='bbox 611 1241 742 1288; x_wconf 75' lang='lat' dir='ltr'>Postumius</span> 
     </span>
     <span class='ocr_line' id='line_1_17' title="bbox 76 1305 740 1361; baseline -0.003 -7"><span class='ocrx_word' id='word_1_81' title='bbox 76 1307 221 1361; x_wconf 67' lang='lat' dir='ltr'>diminuet</span> <span class='ocrx_word' id='word_1_82' title='bbox 237 1305 416 1354; x_wconf 81' lang='lat' dir='ltr'>Tusculanorum</span> <span class='ocrx_word' id='word_1_83' title='bbox 431 1307 477 1354; x_wconf 86' lang='lat' dir='ltr'>dux</span> <span class='ocrx_word' id='word_1_84' title='bbox 491 1306 608 1354; x_wconf 79' lang='lat' dir='ltr'>Mamilius</span> <span class='ocrx_word' id='word_1_85' title='bbox 624 1306 740 1360; x_wconf 86' lang='lat' dir='ltr'>Octavius,</span> 
     </span>
    </p>
   </div>
   <div class='ocr_carea' id='block_1_5' title="bbox 76 1371 742 1496">
    <p class='ocr_par' dir='ltr' id='par_1_6' title="bbox 76 1371 742 1496">
     <span class='ocr_line' id='line_1_18' title="bbox 77 1371 742 1433; baseline 0.002 -16"><span class='ocrx_word' id='word_1_86' title='bbox 77 1371 220 1433; x_wconf 78' lang='lat' dir='ltr'>magnios</span> <span class='ocrx_word' id='word_1_87' title='bbox 179 1371 261 1418; x_wconf 77' lang='lat' dir='ltr'>viribus</span> <span class='ocrx_word' id='word_1_88' title='bbox 271 1372 330 1418; x_wconf 85' lang='lat' dir='ltr'>inter</span> <span class='ocrx_word' id='word_1_89' title='bbox 340 1387 365 1418; x_wconf 90' lang='lat' dir='ltr'>se</span> <span class='ocrx_word' id='word_1_90' title='bbox 376 1377 579 1427; x_wconf 62' lang='lat' dir='ltr'>connumeratae</span> <span class='ocrx_word' id='word_1_91' title='bbox 589 1379 669 1421; x_wconf 87' lang='lat' dir='ltr'>neutra</span> <span class='ocrx_word' id='word_1_92' title='bbox 682 1371 742 1418; x_wconf 78' lang='lat' dir='ltr'>acies</span> 
     </span>
     <span class='ocr_line' id='line_1_19' title="bbox 76 1433 741 1496; baseline 0 -14"><span class='ocrx_word' id='word_1_93' title='bbox 76 1435 213 1496; x_wconf 76' lang='lat' dir='ltr'>aliquamdiu</span> <span class='ocrx_word' id='word_1_94' title='bbox 223 1435 301 1496; x_wconf 82' lang='lat' dir='ltr'>pedem</span> <span class='ocrx_word' id='word_1_95' title='bbox 312 1435 410 1490; x_wconf 81' lang='lat' dir='ltr'>referret,</span> <span class='ocrx_word' id='word_1_96' title='bbox 423 1433 504 1483; x_wconf 85' lang='lat' dir='ltr'>Castor</span> <span class='ocrx_word' id='word_1_97' title='bbox 515 1451 540 1484; x_wconf 86' lang='lat' dir='ltr'>ac</span> <span class='ocrx_word' id='word_1_98' title='bbox 552 1434 642 1491; x_wconf 85' lang='lat' dir='ltr'>Pollux,</span> <span class='ocrx_word' id='word_1_99' title='bbox 653 1435 741 1483; x_wconf 87' lang='lat' dir='ltr'>Roma·</span> 
     </span>
    </p>
   </div>
   <div class='ocr_carea' id='block_1_6' title="bbox 6 1500 741 1564">
    <p class='ocr_par' dir='ltr' id='par_1_7' title="bbox 6 1500 741 1564">
     <span class='ocr_line' id='line_1_20' title="bbox 6 1500 741 1564; baseline -0.003 -14"><span class='ocrx_word' id='word_1_100' title='bbox 6 1503 7 1506; x_wconf 72' lang='grc'>’</span> <span class='ocrx_word' id='word_1_101' title='bbox 76 1514 156 1550; x_wconf 79' lang='lat' dir='ltr'>narum</span> <span class='ocrx_word' id='word_1_102' title='bbox 166 1500 262 1562; x_wconf 86' lang='lat' dir='ltr'>partium</span> <span class='ocrx_word' id='word_1_103' title='bbox 272 1506 449 1564; x_wconf 77' lang='lat' dir='ltr'>propugnatores</span> <span class='ocrx_word' id='word_1_104' title='bbox 459 1500 509 1556; x_wconf 80' lang='lat' dir='ltr'>visi,</span> <span class='ocrx_word' id='word_1_105' title='bbox 518 1501 610 1548; x_wconf 75' lang='lat' dir='ltr'>hostiles</span> <span class='ocrx_word' id='word_1_106' title='bbox 617 1501 692 1564; x_wconf 81' lang='lat' dir='ltr'>copias</span> <span class='ocrx_word' id='word_1_107' title='bbox 700 1515 741 1564; x_wconf 88' lang='lat' dir='ltr'>pe-</span> 
     </span>
    </p>
   </div>
   <div class='ocr_carea' id='block_1_7' title="bbox 75 1563 741 2722">
    <p class='ocr_par' dir='ltr' id='par_1_8' title="bbox 76 1563 260 1614">
     <span class='ocr_line' id='line_1_21' title="bbox 76 1563 260 1614; baseline -0.033 0"><span class='ocrx_word' id='word_1_108' title='bbox 76 1564 138 1614; x_wconf 82' lang='lat' dir='ltr'>nitus</span> <span class='ocrx_word' id='word_1_109' title='bbox 147 1563 260 1610; x_wconf 81' lang='lat' dir='ltr'>fuderun</span> 
     </span>
    </p>

    <p class='ocr_par' dir='ltr' id='par_1_9' title="bbox 75 1626 741 2526">
     <span class='ocr_line' id='line_1_22' title="bbox 110 1626 740 1685; baseline 0.006 -11"><span class='ocrx_word' id='word_1_110' title='bbox 110 1627 178 1682; x_wconf 85' lang='lat' dir='ltr'>Item,</span> <span class='ocrx_word' id='word_1_111' title='bbox 199 1628 257 1675; x_wconf 89' lang='lat' dir='ltr'>bello</span> <span class='ocrx_word' id='word_1_112' title='bbox 279 1626 434 1683; x_wconf 81' lang='lat' dir='ltr'>Macedonico,</span> <span class='ocrx_word' id='word_1_113' title='bbox 457 1627 485 1680; x_wconf 85' lang='lat' dir='ltr'>P.</span> <span class='ocrx_word' id='word_1_114' title='bbox 500 1628 612 1685; x_wconf 87' lang='lat' dir='ltr'>Vatinius,</span> <span class='ocrx_word' id='word_1_115' title='bbox 633 1629 740 1678; x_wconf 77' lang='lat' dir='ltr'>Reatinae</span> 
     </span>
     <span class='ocr_line' id='line_1_23' title="bbox 77 1691 741 1756; baseline 0.005 -17"><span class='ocrx_word' id='word_1_116' title='bbox 77 1691 217 1756; x_wconf 78' lang='lat' dir='ltr'>prseieeturae</span> <span class='ocrx_word' id='word_1_117' title='bbox 238 1692 280 1746; x_wconf 87' lang='lat' dir='ltr'>vir,</span> <span class='ocrx_word' id='word_1_118' title='bbox 303 1700 371 1740; x_wconf 81' lang='lat' dir='ltr'>noctu</span> <span class='ocrx_word' id='word_1_119' title='bbox 391 1691 477 1743; x_wconf 86' lang='lat' dir='ltr'>Urbem</span> <span class='ocrx_word' id='word_1_120' title='bbox 495 1701 580 1756; x_wconf 87' lang='lat' dir='ltr'>petens,</span> <span class='ocrx_word' id='word_1_121' title='bbox 604 1695 741 1742; x_wconf 82' lang='lat' dir='ltr'>existimavit</span> 
     </span>
     <span class='ocr_line' id='line_1_24' title="bbox 75 1755 738 1820; baseline -0.003 -14"><span class='ocrx_word' id='word_1_122' title='bbox 75 1757 134 1806; x_wconf 82' lang='lat' dir='ltr'>duos</span> <span class='ocrx_word' id='word_1_123' title='bbox 140 1758 235 1819; x_wconf 83' lang='lat' dir='ltr'>juvenes</span> <span class='ocrx_word' id='word_1_124' title='bbox 245 1756 372 1804; x_wconf 75' lang='lat' dir='ltr'>excellentis</span> <span class='ocrx_word' id='word_1_125' title='bbox 380 1755 465 1813; x_wconf 73' lang='lat' dir='ltr'>torma,</span> <span class='ocrx_word' id='word_1_126' title='bbox 475 1759 529 1808; x_wconf 85' lang='lat' dir='ltr'>albis</span> <span class='ocrx_word' id='word_1_127' title='bbox 537 1760 600 1820; x_wconf 90' lang='lat' dir='ltr'>equis</span> <span class='ocrx_word' id='word_1_128' title='bbox 608 1759 738 1814; x_wconf 87' lang='lat' dir='ltr'>residentes,</span> 
     </span>
     <span class='ocr_line' id='line_1_25' title="bbox 77 1820 740 1884; baseline -0.005 -14"><span class='ocrx_word' id='word_1_129' title='bbox 77 1823 155 1870; x_wconf 82' lang='lat' dir='ltr'>obvios</span> <span class='ocrx_word' id='word_1_130' title='bbox 166 1821 205 1868; x_wconf 91' lang='lat' dir='ltr'>sibi</span> <span class='ocrx_word' id='word_1_131' title='bbox 215 1820 293 1874; x_wconf 80' lang='lat' dir='ltr'>factos,</span> <span class='ocrx_word' id='word_1_132' title='bbox 306 1822 414 1877; x_wconf 86' lang='lat' dir='ltr'>nuntiare,</span> <span class='ocrx_word' id='word_1_133' title='bbox 427 1822 468 1876; x_wconf 87' lang='lat' dir='ltr'>die,</span> <span class='ocrx_word' id='word_1_134' title='bbox 481 1823 519 1882; x_wconf 91' lang='lat' dir='ltr'>qui</span> <span class='ocrx_word' id='word_1_135' title='bbox 529 1823 671 1884; x_wconf 79' lang='lat' dir='ltr'>praeten&#39;erat,</span> <span class='ocrx_word' id='word_1_136' title='bbox 682 1823 740 1870; x_wconf 88' lang='lat' dir='ltr'>Per-</span> 
     </span>
     <span class='ocr_line' id='line_1_26' title="bbox 77 1885 740 1948; baseline -0.006 -12"><span class='ocrx_word' id='word_1_137' title='bbox 77 1901 118 1936; x_wconf 79' lang='lat' dir='ltr'>sen</span> <span class='ocrx_word' id='word_1_138' title='bbox 129 1901 205 1948; x_wconf 75' lang='lat' dir='ltr'>regem</span> <span class='ocrx_word' id='word_1_139' title='bbox 215 1900 229 1933; x_wconf 83' lang='lat' dir='ltr'>a</span> <span class='ocrx_word' id='word_1_140' title='bbox 239 1885 311 1932; x_wconf 90' lang='lat' dir='ltr'>Paulo</span> <span class='ocrx_word' id='word_1_141' title='bbox 320 1894 416 1948; x_wconf 82' lang='lat' dir='ltr'>captum.</span> <span class='ocrx_word' id='word_1_142' title='bbox 444 1886 513 1940; x_wconf 84' lang='lat' dir='ltr'>Quod</span> <span class='ocrx_word' id='word_1_143' title='bbox 523 1901 574 1932; x_wconf 91' lang='lat' dir='ltr'>cum</span> <span class='ocrx_word' id='word_1_144' title='bbox 585 1887 671 1932; x_wconf 87' lang='lat' dir='ltr'>senatui</span> <span class='ocrx_word' id='word_1_145' title='bbox 681 1885 740 1932; x_wconf 85' lang='lat' dir='ltr'>indi-</span> 
     </span>
     <span class='ocr_line' id='line_1_27' title="bbox 78 1949 740 2026; baseline -0.008 -27"><span class='ocrx_word' id='word_1_146' title='bbox 78 1949 157 2005; x_wconf 71' lang='lat' dir='ltr'>nisset,</span> <span class='ocrx_word' id='word_1_147' title='bbox 169 1957 282 2011; x_wconf 85' lang='lat' dir='ltr'>tamquam</span> <span class='ocrx_word' id='word_1_148' title='bbox 292 1951 411 2026; x_wconf 60' lang='lat' dir='ltr'>maiestatis</span> <span class='ocrx_word' id='word_1_149' title='bbox 422 1953 470 2013; x_wconf 85' lang='lat' dir='ltr'>ejus</span> <span class='ocrx_word' id='word_1_150' title='bbox 484 1957 507 1996; x_wconf 91' lang='lat' dir='ltr'>et</span> <span class='ocrx_word' id='word_1_151' title='bbox 521 1949 670 2010; x_wconf 82' lang='lat' dir='ltr'>amplitudinis</span> <span class='ocrx_word' id='word_1_152' title='bbox 680 1963 740 1996; x_wconf 86' lang='lat' dir='ltr'>vano</span> 
     </span>
     <span class='ocr_line' id='line_1_28' title="bbox 79 2015 740 2076; baseline -0.008 -14"><span class='ocrx_word' id='word_1_153' title='bbox 79 2029 181 2066; x_wconf 82' lang='lat' dir='ltr'>sermone</span> <span class='ocrx_word' id='word_1_154' title='bbox 191 2015 340 2068; x_wconf 54' lang='lat' dir='ltr'>contemtors</span> <span class='ocrx_word' id='word_1_155' title='bbox 334 2030 357 2061; x_wconf 89' lang='grc' dir='ltr'>ιιι</span> <span class='ocrx_word' id='word_1_156' title='bbox 366 2031 478 2068; x_wconf 77' lang='lat' dir='ltr'>oaroeoem</span> <span class='ocrx_word' id='word_1_157' title='bbox 489 2015 610 2076; x_wconf 86' lang='lat' dir='ltr'>conjectus,</span> <span class='ocrx_word' id='word_1_158' title='bbox 622 2019 740 2074; x_wconf 86' lang='lat' dir='ltr'>postquam</span> 
     </span>
     <span class='ocr_line' id='line_1_29' title="bbox 79 2077 740 2142; baseline -0.009 -15"><span class='ocrx_word' id='word_1_159' title='bbox 79 2077 144 2127; x_wconf 81' lang='lat' dir='ltr'>Pauli</span> <span class='ocrx_word' id='word_1_160' title='bbox 153 2079 222 2126; x_wconf 85' lang='lat' dir='ltr'>literis</span> <span class='ocrx_word' id='word_1_161' title='bbox 232 2079 270 2126; x_wconf 94' lang='lat' dir='ltr'>illo</span> <span class='ocrx_word' id='word_1_162' title='bbox 281 2078 316 2126; x_wconf 80' lang='lat' dir='ltr'>die</span> <span class='ocrx_word' id='word_1_163' title='bbox 328 2077 412 2126; x_wconf 86' lang='lat' dir='ltr'>Persen</span> <span class='ocrx_word' id='word_1_164' title='bbox 427 2085 515 2142; x_wconf 74' lang='lat' dir='ltr'>captum</span> <span class='ocrx_word' id='word_1_165' title='bbox 526 2077 632 2140; x_wconf 88' lang='lat' dir='ltr'>apparuit,</span> <span class='ocrx_word' id='word_1_166' title='bbox 650 2083 673 2124; x_wconf 88' lang='lat' dir='ltr'>et</span> <span class='ocrx_word' id='word_1_167' title='bbox 687 2091 740 2122; x_wconf 85' lang='lat' dir='ltr'>eus-</span> 
     </span>
     <span class='ocr_line' id='line_1_30' title="bbox 78 2141 739 2205; baseline -0.006 -15"><span class='ocrx_word' id='word_1_168' title='bbox 78 2142 139 2191; x_wconf 73' lang='lat' dir='ltr'>rodit</span> <span class='ocrx_word' id='word_1_169' title='bbox 148 2143 259 2197; x_wconf 82' lang='lat' dir='ltr'>liberatus,</span> <span class='ocrx_word' id='word_1_170' title='bbox 276 2143 321 2190; x_wconf 88' lang='lat' dir='ltr'>et&#39;</span> <span class='ocrx_word' id='word_1_171' title='bbox 315 2159 405 2205; x_wconf 75' lang='lat' dir='ltr'>insuper</span> <span class='ocrx_word' id='word_1_172' title='bbox 419 2159 474 2205; x_wconf 78' lang='lat' dir='ltr'>agro</span> <span class='ocrx_word' id='word_1_173' title='bbox 485 2151 507 2190; x_wconf 87' lang='lat' dir='ltr'>et</span> <span class='ocrx_word' id='word_1_174' title='bbox 518 2142 633 2188; x_wconf 84' lang='lat' dir='ltr'>vacatione</span> <span class='ocrx_word' id='word_1_175' title='bbox 643 2141 739 2187; x_wconf 89' lang='lat' dir='ltr'>donatus</span> 
     </span>
     <span class='ocr_line' id='line_1_31' title="bbox 79 2205 739 2268; baseline -0.006 -12"><span class='ocrx_word' id='word_1_176' title='bbox 79 2215 121 2256; x_wconf 85' lang='lat' dir='ltr'>est.</span> <span class='ocrx_word' id='word_1_177' title='bbox 150 2206 268 2256; x_wconf 84' lang='lat' dir='ltr'>Castorem</span> <span class='ocrx_word' id='word_1_178' title='bbox 281 2223 336 2254; x_wconf 80' lang='lat' dir='ltr'>vero</span> <span class='ocrx_word' id='word_1_179' title='bbox 351 2215 373 2254; x_wconf 92' lang='lat' dir='ltr'>et</span> <span class='ocrx_word' id='word_1_180' title='bbox 388 2207 501 2254; x_wconf 85' lang='lat' dir='ltr'>Pollucem</span> <span class='ocrx_word' id='word_1_181' title='bbox 512 2206 578 2254; x_wconf 84' lang='lat' dir='ltr'>etiam</span> <span class='ocrx_word' id='word_1_182' title='bbox 589 2205 627 2251; x_wconf 90' lang='lat' dir='ltr'>illo</span> <span class='ocrx_word' id='word_1_183' title='bbox 638 2212 739 2268; x_wconf 87' lang='lat' dir='ltr'>tempore</span> 
     </span>
     <span class='ocr_line' id='line_1_32' title="bbox 79 2269 737 2336; baseline -0.006 -17"><span class='ocrx_word' id='word_1_184' title='bbox 79 2289 120 2336; x_wconf 87' lang='lat' dir='ltr'>pso</span> <span class='ocrx_word' id='word_1_185' title='bbox 130 2272 222 2334; x_wconf 87' lang='lat' dir='ltr'>imperio</span> <span class='ocrx_word' id='word_1_186' title='bbox 232 2272 307 2333; x_wconf 87' lang='lat' dir='ltr'>populi</span> <span class='ocrx_word' id='word_1_187' title='bbox 315 2271 412 2318; x_wconf 87' lang='lat' dir='ltr'>Romani</span> <span class='ocrx_word' id='word_1_188' title='bbox 421 2271 558 2325; x_wconf 83' lang='lat' dir='ltr'>excubuisse,</span> <span class='ocrx_word' id='word_1_189' title='bbox 571 2269 686 2332; x_wconf 79' lang='lat' dir='ltr'>cognitum</span> <span class='ocrx_word' id='word_1_190' title='bbox 695 2277 737 2326; x_wconf 91' lang='lat' dir='ltr'>est,</span> 
     </span>
     <span class='ocr_line' id='line_1_33' title="bbox 78 2325 737 2398; baseline -0.005 -13"><span class='ocrx_word' id='word_1_191' title='bbox 78 2351 122 2398; x_wconf 91' lang='lat' dir='ltr'>quo</span> <span class='ocrx_word' id='word_1_192' title='bbox 137 2337 165 2384; x_wconf 84' lang='lat' dir='ltr'>ud</span> <span class='ocrx_word' id='word_1_193' title='bbox 178 2337 251 2384; x_wconf 86' lang='lat' dir='ltr'>laeum</span> <span class='ocrx_word' id='word_1_194' title='bbox 265 2325 377 2388; x_wconf 83' lang='lat' dir='ltr'>Jutumae,</span> <span class='ocrx_word' id='word_1_195' title='bbox 394 2351 458 2382; x_wconf 88' lang='lat' dir='ltr'>suum</span> <span class='ocrx_word' id='word_1_196' title='bbox 473 2349 623 2396; x_wconf 85' lang='lat' dir='ltr'>equorumque</span> <span class='ocrx_word' id='word_1_197' title='bbox 633 2334 737 2382; x_wconf 87' lang='lat' dir='ltr'>sudorem</span> 
     </span>
     <span class='ocr_line' id='line_1_34' title="bbox 78 2398 737 2462; baseline 0 -14"><span class='ocrx_word' id='word_1_198' title='bbox 78 2401 196 2448; x_wconf 82' lang='lat' dir='ltr'>sbluere&#39;</span> <span class='ocrx_word' id='word_1_199' title='bbox 175 2401 217 2448; x_wconf 85' lang='lat' dir='ltr'>vssi</span> <span class='ocrx_word' id='word_1_200' title='bbox 228 2407 294 2446; x_wconf 89' lang='lat' dir='ltr'>sunt·</span> <span class='ocrx_word' id='word_1_201' title='bbox 287 2402 429 2462; x_wconf 84' lang='lat' dir='ltr'>,junctaque</span> <span class='ocrx_word' id='word_1_202' title='bbox 442 2398 500 2446; x_wconf 84' lang='lat' dir='ltr'>fonti</span> <span class='ocrx_word' id='word_1_203' title='bbox 515 2399 575 2448; x_wconf 76' lang='lat' dir='ltr'>aesies</span> <span class='ocrx_word' id='word_1_204' title='bbox 588 2415 673 2456; x_wconf 85' lang='lat' dir='ltr'>eorum,</span> <span class='ocrx_word' id='word_1_205' title='bbox 685 2399 737 2448; x_wconf 89' lang='lat' dir='ltr'>nul·</span> 
     </span>
     <span class='ocr_line' id='line_1_35' title="bbox 77 2463 525 2526; baseline -0.004 -14"><span class='ocrx_word' id='word_1_206' title='bbox 77 2465 120 2512; x_wconf 89' lang='lat' dir='ltr'>lius</span> <span class='ocrx_word' id='word_1_207' title='bbox 130 2465 244 2512; x_wconf 86' lang='lat' dir='ltr'>bominum</span> <span class='ocrx_word' id='word_1_208' title='bbox 255 2479 322 2512; x_wconf 85' lang='lat' dir='ltr'>manu</span> <span class='ocrx_word' id='word_1_209' title='bbox 333 2472 435 2519; x_wconf 81' lang='lat' dir='ltr'>reserata,</span> <span class='ocrx_word' id='word_1_210' title='bbox 447 2463 525 2526; x_wconf 86' lang='lat' dir='ltr'>patuit.</span> 
     </span>
    </p>

    <p class='ocr_par' dir='ltr' id='par_1_10' title="bbox 76 2526 736 2722">
     <span class='ocr_line' id='line_1_36' title="bbox 107 2526 734 2592; baseline -0.003 -16"><span class='ocrx_word' id='word_1_211' title='bbox 107 2526 153 2592; x_wconf 77' lang='grc'><strong>(2.)</strong></span> <span class='ocrx_word' id='word_1_212' title='bbox 164 2529 217 2583; x_wconf 80' lang='lat' dir='ltr'>Sed,</span> <span class='ocrx_word' id='word_1_213' title='bbox 225 2536 250 2576; x_wconf 88' lang='lat' dir='ltr'>ut</span> <span class='ocrx_word' id='word_1_214' title='bbox 258 2536 389 2576; x_wconf 75' lang='lat' dir='ltr'>ceterorum</span> <span class='ocrx_word' id='word_1_215' title='bbox 397 2543 485 2590; x_wconf 88' lang='lat' dir='ltr'>quoque</span> <span class='ocrx_word' id='word_1_216' title='bbox 492 2527 594 2576; x_wconf 86' lang='lat' dir='ltr'>Deorum</span> <span class='ocrx_word' id='word_1_217' title='bbox 600 2542 734 2590; x_wconf 88' lang='lat' dir='ltr'>propensum</span> 
     </span>
     <span class='ocr_line' id='line_1_37' title="bbox 77 2593 736 2654; baseline -0.011 -11"><span class='ocrx_word' id='word_1_218' title='bbox 77 2593 128 2646; x_wconf 84' lang='lat' dir='ltr'>buis</span> <span class='ocrx_word' id='word_1_219' title='bbox 137 2594 184 2643; x_wconf 81' lang='lat' dir='ltr'>urbi</span> <span class='ocrx_word' id='word_1_220' title='bbox 195 2608 278 2640; x_wconf 86' lang='lat' dir='ltr'>numen</span> <span class='ocrx_word' id='word_1_221' title='bbox 288 2608 443 2654; x_wconf 83' lang='lat' dir='ltr'>exsequamur,</span> <span class='ocrx_word' id='word_1_222' title='bbox 454 2593 550 2640; x_wconf 87' lang='lat' dir='ltr'>triennio</span> <span class='ocrx_word' id='word_1_223' title='bbox 562 2593 668 2640; x_wconf 87' lang='lat' dir='ltr'>continuo</span> <span class='ocrx_word' id='word_1_224' title='bbox 679 2605 736 2640; x_wconf 69' lang='lat' dir='ltr'>vex,</span> 
     </span>
     <span class='ocr_line' id='line_1_38' title="bbox 76 2656 734 2722; baseline -0.006 -12"><span class='ocrx_word' id='word_1_225' title='bbox 76 2656 248 2722; x_wconf 62' lang='lat' dir='ltr'>mentientia</span> <span class='ocrx_word' id='word_1_226' title='bbox 262 2657 734 2714; x_wconf 69' lang='lat' dir='ltr'>dnusnosoecumtioemssnuetuu</span> 
     </span>
    </p>
   </div>
   <div class='ocr_carea' id='block_1_8' title="bbox 0 0 927 2992">
    <p class='ocr_par' dir='ltr' id='par_1_11' title="bbox 0 0 927 2992">
     <span class='ocr_line' id='line_1_39' title="bbox 0 0 927 2992; baseline 0 0"><span class='ocrx_word' id='word_1_227' title='bbox 0 0 927 2992; x_wconf 95' lang='lat' dir='ltr'> </span> 
     </span>
    </p>
   </div>
  </div>
 </body>
</html>
