1820 2982
178 183 257 234 vnn
271 149 410 232 nexuri
426 177 527 228 Lau.
546 177 607 228 on.
620 179 660 226 ro
724 183 757 228 os

82 317 184 381 perfecta
204 315 284 364 virtus.
314 312 375 368 Quae
397 309 486 372 quidem
507 307 588 364 effecit,
611 313 637 356 ut
655 307 755 370 quisquis

83 390 188 430 sanctum
199 387 223 427 et
233 379 349 442 egregium
361 378 433 424 civem
443 373 569 438 significare
582 373 644 430 vetit,
660 375 702 422 sub
712 389 755 421 no-

82 449 144 496 mine
156 445 252 496 catonis
263 443 359 492 definiet.
634 443 638 448 “

356 529 473 597 Externa.

115 639 165 708 (l.)
178 639 287 704 Dandum
298 647 332 686 est
342 638 424 699 aliquid
434 636 478 683 loci
489 635 555 682 etium
566 635 698 699 alienigenis
712 651 753 684 ex-

83 709 171 772 emplis,
184 715 216 761 ut,
229 705 355 752 domesticis
369 704 480 764 adspersa,
495 701 603 748 varietate
617 701 665 763 ipsri
679 703 753 750 delec-

82 783 140 824 tent.
164 771 284 818 Harmodii
295 777 318 816 et
328 765 497 830 Aristogitonis,
509 766 548 826 qui
559 765 662 813 Athenas
675 774 754 828 tyran.

83 842 137 888 nide
149 839 242 884 liberare
256 835 330 882 conati
345 840 403 887 sunt,
422 831 508 894 effigies
521 845 596 877 aeneas
610 831 707 886 Xerxes,
726 825 753 878 ed

83 903 138 953 urhe
153 899 246 955 devicti,
261 901 285 946 in
300 913 395 960 regnum
410 911 475 943 suum
486 895 612 942 transtulit:
631 896 701 957 longo
713 896 752 943 de·

81 971 135 1018 inde
145 968 262 1029 interjecto
272 972 379 1025 tempore,
396 961 503 1008 Seleucus
516 961 539 1006 in
549 960 665 1021 pristinum
677 961 752 1006 sedem

82 1031 227 1098 reportandas
238 1029 330 1077 curavit.
345 1027 429 1074 Rhodii
439 1040 528 1086 quoque
538 1039 583 1077 eos,
595 1025 643 1070 urbi
655 1039 702 1071 suae
713 1041 752 1086 up-

80 1101 165 1164 puisas‚
184 1111 235 1142 curn
250 1095 274 1154 in
289 1093 410 1154 hospitium
425 1090 518 1152 publice*
527 1085 666 1141 invitdssent‚
685 1089 753 1136 sacris

80 1166 151 1213 etiarn
161 1160 311 1224 pulvinaribus
321 1158 494 1204 collocaverunt.
516 1151 581 1198 Nihil
591 1153 632 1198 hec
645 1151 753 1200 memorid
770 1149 774 1155 ’

79 1229 177 1280 felicius,
190 1241 240 1286 quae
251 1231 337 1271 tentum
348 1218 498 1270 venerationis
508 1217 531 1264 in
542 1217 692 1278 compascuo
708 1232 754 1264 aere

79 1293 189 1360 possidet.

118 1354 165 1422 (2.)
187 1353 304 1408 Quantum
321 1367 388 1414 porro
406 1348 497 1396 honoris
513 1345 611 1394 Athenis
627 1344 753 1396 Xenocrati

73 1417 193 1486 'sapientid
210 1420 292 1482 pariter
313 1433 339 1464 nc
358 1415 475 1462 sanctitate
493 1413 553 1460 claro
572 1412 678 1459 tributum
698 1411 752 1459 est?

79 1490 192 1552 quicum,
207 1483 360 1530 testimonium
373 1480 446 1526 dicere
456 1485 554 1532 coactus,
566 1477 594 1524 ud
605 1493 664 1524 arem
676 1493 753 1526 occes-

78 1555 156 1605 sisset,
174 1557 206 1604 ut,
222 1564 286 1594 more
301 1549 348 1609 ejus
363 1545 465 1597 civitatis,
477 1545 564 1606 juraret
578 1542 653 1589 omnia
664 1558 688 1589 se
698 1557 752 1590 vere

79 1617 187 1669 retulisse
193 1631 201 1672 ;
219 1613 317 1659 universi
323 1611 411 1673 judices
421 1615 615 1662 consurrexerunt,
627 1605 752 1670 proclami-

77 1689 189 1744 runtque,
203 1694 233 1725 ne
245 1676 401 1741 jusjurandum
416 1674 511 1720 diceret:
533 1673 637 1733 quodque
653 1673 753 1720 sibimet-

77 1749 137 1814 ipsis
155 1743 298 1808 postmodum
317 1739 417 1787 dicendae
434 1739 551 1786 sententiae
569 1738 620 1784 loco
638 1736 752 1784 remissuri

78 1827 131 1864 nou
141 1816 213 1866 erant,
225 1807 346 1858 sinceritnti
356 1807 404 1870 ejus
412 1803 578 1852 concedendum
586 1799 749 1850 existimarunt.
