1828 2982
182 181 232 228 sto
249 217 252 220 .
290 177 369 230 VAL.
378 177 518 232 Msxtm
534 177 587 226 Lm.
601 177 633 228 V.
650 179 710 230 Cos·
719 181 743 230 7.
759 229 764 236 ,

181 323 248 370 quens
260 323 356 372 regnum
367 308 478 358 edbetsnti
488 303 578 362 secent,
594 308 618 354 in
633 309 693 356 buno
706 309 802 358 modum
816 325 857 357 re-

181 374 291 435 spondere
302 376 420 421 sustinuit:
436 381 451 404 ‘⁴
461 372 563 422 Celerius
571 381 595 420 tn
603 375 666 428 mibi,
676 373 762 428 Caessr,
772 390 857 421 omnes

180 437 240 484 lilios
254 453 318 484 meos
332 439 419 500 eripies,
436 453 502 499 quem
515 453 544 484 ex
555 439 589 484 bis
601 453 644 499 ego
656 453 725 485 unum
736 437 791 484 noti
802 440 856 500 pel-

178 502 225 550 lem
236 502 313 549 meis.”
334 503 437 549 Habebat
448 511 523 549 autem
534 503 590 548 duos
601 510 708 563 praeteree
716 505 807 564 optimae
815 504 857 548 in-

182 568 241 614 dolis
258 567 324 620 filios,
344 568 423 628 quibus
444 565 522 615 Caeser
538 582 565 614 se
584 567 721 614 incrementa
735 569 857 630 dignitatis

180 633 278 693 benigne
296 633 429 694 largiturum
448 633 599 694 pollicebatur.
624 629 694 677 Hunc
713 640 800 693 petrem
815 639 856 679 tas

179 697 246 742 metsi
262 712 350 743 summu
364 697 433 742 divini
447 697 553 758 principis
569 697 687 742 clementia
701 703 775 742 tutum
792 711 856 758 prae-

179 761 252 818 stitit;
269 762 320 822 quis
333 768 408 808 tomen
420 776 465 806 non
476 763 575 806 bumsno
585 761 676 822 ingenio
687 763 758 823 majus
769 775 853 808 susum

178 833 251 889 putet,
269 827 337 888 quod,
356 827 392 872 cui
411 832 473 872 totus
491 833 601 872 terrerum
617 826 676 872 orbis
694 827 852 880 succubuerat,

177 906 226 938 nou
237 891 323 941 cessit?

211 954 257 1020 (8.)
271 957 316 1003 Sed
326 956 402 1002 nescio
413 969 441 1002 sn
453 954 561 1002 Octavius
573 955 657 1002 Balbus
666 953 814 1002 concitatioris
824 961 853 1002 et

178 1021 311 1068 sudentioris
321 1036 375 1082 ergo
385 1019 455 1066 filium
463 1021 626 1066 benevolentiae
634 1019 708 1066 luerit.
730 1019 851 1082 Proscrip-

137 1101 140 1112 '
178 1094 216 1134 tus
227 1102 241 1133 s
251 1085 380 1139 triumviris,
396 1101 447 1132 cum
460 1085 526 1130 domo
537 1085 623 1147 postico
635 1085 690 1130 clem
702 1092 760 1132 esset
769 1099 850 1148 egros-

178 1167 224 1205 sus‚
238 1153 331 1214 jamque
346 1149 407 1212 sugae
422 1150 550 1211 expeditum
566 1151 653 1196 initium
670 1151 766 1202 baberet,
783 1156 850 1210 post-

178 1231 246 1277 quem
261 1217 323 1262 intus
338 1214 407 1260 filium
420 1215 523 1260 trucidari
535 1213 591 1260 falso
603 1215 699 1260 clamore
709 1214 797 1260 vicinioe
807 1229 850 1259 so-

178 1283 244 1342 cspit‚
257 1281 277 1326 ei
290 1295 314 1326 se
324 1280 381 1334 neci,
394 1295 461 1340 quem
470 1286 576 1331 evaserat,
590 1279 676 1332 obtulit,
689 1278 849 1324 occidendum-

178 1361 223 1406 que
235 1344 341 1390 militibus
352 1344 449 1390 tradidit.
472 1343 546 1390 Pluris
558 1343 662 1388 nimirum
676 1343 730 1388 illud
743 1357 850 1388 momen-

177 1417 234 1462 tum,
252 1424 297 1468 quo
314 1409 346 1454 illi
361 1416 442 1469 praeter
458 1423 519 1469 spem
535 1407 611 1456 videte
625 1407 695 1454 filium
710 1408 846 1454 incoltmrem

176 1473 309 1533 contigerat,
322 1487 388 1532 quem
405 1474 498 1519 salutem
514 1487 583 1525 suam,
597 1473 717 1519 estimans
744 1471 846 1518 Miseros

174 1537 323 1584 adolescentis
334 1537 419 1588 oculos,
429 1539 509 1597 quibus
519 1537 695 1583 amentissimum
704 1537 737 1582 sui
747 1543 843 1597 petrem,

174 1601 244 1663 ipsius
255 1599 322 1663 operi
333 1600 365 1646 sio
376 1603 532 1663 exspirantem,
544 1602 625 1648 intueri
636 1616 727 1650 necesse
736 1600 792 1649 fuit!

451 1709 566 1758 Externa.

206 1797 254 1865 (l.)
272 1799 386 1848 Caeterum
399 1807 424 1847 ut
434 1800 603 1862 udjucundiors
613 1801 705 1863 cognitu
716 1799 839 1852 veniamus.

174 1867 261 1917 Seleuci
278 1866 339 1928 regis
355 1865 413 1912 iilius
430 1865 565 1919 Antiochus,
582 1881 686 1912 nouercae
704 1866 840 1912 Stratonices

171 1933 259 1982 infinito
270 1947 346 1977 umore
357 1937 478 1992 correptus,
491 1945 584 1984 memor,
597 1947 663 1992 quam
674 1929 778 1992 improbis
785 1929 840 1976 faci-

135 2033 141 2041 ,
170 2000 213 2046 bus
230 1996 323 2050 arderet,
341 1995 434 2056 impium
453 1996 549 2056 pectoris
566 1996 648 2042 vulnus
663 1994 700 2056 pii
716 1994 840 2041 dissimulo-

171 2065 233 2110 tione
244 2063 384 2123 contegebat.
410 2059 490 2120 Itaque
501 2059 582 2106 diversi
593 2059 692 2112 affectus,
705 2059 781 2106 iisdem
794 2060 839 2106 vis-

170 2129 257 2176 ceribus
268 2141 295 2172 ac
305 2125 408 2172 medullis
418 2125 505 2177 inclusi,
516 2139 603 2171 sununs
611 2125 719 2186 cupiditas
729 2132 752 2170 et
766 2125 839 2170 maxi-

169 2209 208 2240 ms
219 2191 358 2244 verecundis,
371 2189 399 2237 nd
414 2190 514 2236 ultimam
531 2191 604 2236 tsbem
619 2205 699 2250 corpus
714 2191 761 2252 ejus
775 2189 839 2235 rede-

168 2267 272 2320 gerunt,
288 2255 382 2304 Jscebat
397 2256 444 2317 ipse
458 2255 481 2299 in
495 2255 585 2308 lectulo,
602 2255 733 2300 moribundo
744 2254 834 2300 similis:

167 2323 344 2370 lamentabuntur
359 2319 490 2368 necessarii:
510 2328 579 2382 puter,
597 2334 694 2366 moerore
705 2327 834 2380 prostratus,

167 2388 196 2432 de
204 2388 265 2431 obitu
277 2387 337 2431 unici
347 2385 394 2438 lilii,
407 2386 478 2444 deque
486 2383 526 2431 suci
536 2383 660 2430 miserrimi
670 2385 763 2430 orbitate
772 2384 836 2444 cogi·

166 2451 240 2495 tabutz
260 2451 330 2494 totius
341 2449 420 2494 domtls
431 2449 530 2496 funebris
541 2449 613 2511 magis
624 2463 691 2509 quem
703 2449 777 2510 regius
788 2455 835 2495 erst

167 2513 250 2558 vultus.
275 2513 320 2558 Sed
331 2513 388 2558 hene
398 2514 496 2560 t‘ristitiae
507 2515 588 2560 nubem
600 2512 703 2575 Leptinis
713 2513 834 2560 metiremu-

165 2575 212 2624 ticb
228 2573 271 2626 vel,
289 2582 314 2618 ut
329 2575 418 2632 quidam
432 2578 529 2631 tradunt,
543 2577 673 2624 Erasistrati
684 2578 770 2630 medici,
782 2593 834 2637 pro·

166 2637 265 2682 videntia
276 2637 386 2682 discussit.
407 2639 479 2686 Juxta
490 2642 549 2688 enim
561 2642 700 2688 Antiochum
712 2643 797 2694 sedens,
810 2647 834 2686 ut

166 2712 217 2747 eum
229 2699 257 2747 ed
268 2700 383 2747 introitum
396 2701 534 2753 Stratonices
546 2707 626 2754 rubore
636 2707 745 2770 perfundi,
756 2713 779 2752 et
789 2705 833 2768 spi·
