<?xml version="1.0" encoding="UTF-8"?>
<!DOCTYPE html PUBLIC "-//W3C//DTD XHTML 1.0 Transitional//EN"
    "http://www.w3.org/TR/xhtml1/DTD/xhtml1-transitional.dtd">
<html xmlns="http://www.w3.org/1999/xhtml" xml:lang="en" lang="en">
 <head>
  <title>
</title>
<meta http-equiv="Content-Type" content="text/html;charset=utf-8" />
  <meta name='ocr-system' content='tesseract 3.04.00' />
  <meta name='ocr-capabilities' content='ocr_page ocr_carea ocr_par ocr_line ocrx_word'/>
</head>
<body>
  <div class='ocr_page' id='page_1' title='image "./valeriimaximifa00kappgoog_0065.png"; bbox 0 0 1842 2992; ppageno 0'>
   <div class='ocr_carea' id='block_1_1' title="bbox 166 157 729 211">
    <p class='ocr_par' dir='ltr' id='par_1_1' title="bbox 166 157 729 211">
     <span class='ocr_line' id='line_1_1' title="bbox 166 157 729 211; baseline 0.007 -7"><span class='ocrx_word' id='word_1_1' title='bbox 166 157 199 204; x_wconf 75' lang='lat'>52</span> <span class='ocrx_word' id='word_1_2' title='bbox 267 157 346 208; x_wconf 69' lang='lat' dir='ltr'>val,</span> <span class='ocrx_word' id='word_1_3' title='bbox 359 158 496 208; x_wconf 85' lang='grc' dir='ltr'><strong>ΜΔΧΙΜῙ</strong></span> <span class='ocrx_word' id='word_1_4' title='bbox 512 159 565 208; x_wconf 80' lang='lat' dir='ltr'>Lm</span> <span class='ocrx_word' id='word_1_5' title='bbox 579 157 614 208; x_wconf 88' lang='lat' dir='ltr'>ll.</span> <span class='ocrx_word' id='word_1_6' title='bbox 633 159 693 211; x_wconf 70' lang='lat' dir='ltr'>car.</span> <span class='ocrx_word' id='word_1_7' title='bbox 707 165 729 208; x_wconf 76' lang='lat'>2.</span> 
     </span>
    </p>
   </div>
   <div class='ocr_carea' id='block_1_2' title="bbox 164 283 834 546">
    <p class='ocr_par' dir='ltr' id='par_1_2' title="bbox 164 283 834 546">
     <span class='ocr_line' id='line_1_2' title="bbox 165 283 834 350; baseline 0.006 -18"><span class='ocrx_word' id='word_1_8' title='bbox 165 283 239 333; x_wconf 66' lang='lat' dir='ltr'>cundi</span> <span class='ocrx_word' id='word_1_9' title='bbox 245 286 327 334; x_wconf 80' lang='lat' dir='ltr'>laboris</span> <span class='ocrx_word' id='word_1_10' title='bbox 334 287 476 336; x_wconf 83' lang='lat' dir='ltr'>meditatione</span> <span class='ocrx_word' id='word_1_11' title='bbox 484 289 525 350; x_wconf 90' lang='lat' dir='ltr'>ipsi</span> <span class='ocrx_word' id='word_1_12' title='bbox 533 289 644 338; x_wconf 85' lang='lat' dir='ltr'>doctiores</span> <span class='ocrx_word' id='word_1_13' title='bbox 651 297 721 338; x_wconf 82' lang='lat' dir='ltr'>erant</span> <span class='ocrx_word' id='word_1_14' title='bbox 737 287 834 338; x_wconf 80' lang='lat' dir='ltr'>Invitati</span> 
     </span>
     <span class='ocr_line' id='line_1_3' title="bbox 166 349 832 416; baseline 0.006 -20"><span class='ocrx_word' id='word_1_15' title='bbox 166 349 195 396; x_wconf 84' lang='lat' dir='ltr'>ad</span> <span class='ocrx_word' id='word_1_16' title='bbox 205 366 292 398; x_wconf 86' lang='lat' dir='ltr'>coenarn</span> <span class='ocrx_word' id='word_1_17' title='bbox 307 351 425 413; x_wconf 83' lang='lat' dir='ltr'>diligenter</span> <span class='ocrx_word' id='word_1_18' title='bbox 438 355 573 414; x_wconf 80' lang='lat' dir='ltr'>quaerebant,</span> <span class='ocrx_word' id='word_1_19' title='bbox 589 356 679 416; x_wconf 84' lang='lat' dir='ltr'>quinam</span> <span class='ocrx_word' id='word_1_20' title='bbox 693 356 713 402; x_wconf 92' lang='lat' dir='ltr'>ei</span> <span class='ocrx_word' id='word_1_21' title='bbox 726 355 832 401; x_wconf 82' lang='lat' dir='ltr'>convivio</span> 
     </span>
     <span class='ocr_line' id='line_1_4' title="bbox 165 415 833 473; baseline 0.006 -13"><span class='ocrx_word' id='word_1_22' title='bbox 165 422 240 461; x_wconf 88' lang='lat' dir='ltr'>essent</span> <span class='ocrx_word' id='word_1_23' title='bbox 258 415 401 473; x_wconf 85' lang='lat' dir='ltr'>interfuturi3</span> <span class='ocrx_word' id='word_1_24' title='bbox 425 433 453 464; x_wconf 91' lang='lat' dir='ltr'>ne</span> <span class='ocrx_word' id='word_1_25' title='bbox 472 419 565 465; x_wconf 88' lang='lat' dir='ltr'>senioris</span> <span class='ocrx_word' id='word_1_26' title='bbox 583 420 703 466; x_wconf 87' lang='lat' dir='ltr'>adventum</span> <span class='ocrx_word' id='word_1_27' title='bbox 722 419 833 465; x_wconf 70' lang='lat' dir='ltr'>discubitu</span> 
     </span>
     <span class='ocr_line' id='line_1_5' title="bbox 164 481 832 546; baseline 0.01 -23"><span class='ocrx_word' id='word_1_28' title='bbox 164 487 340 539; x_wconf 72' lang='lat' dir='ltr'>precurrerent3</span> <span class='ocrx_word' id='word_1_29' title='bbox 358 482 486 542; x_wconf 76' lang='lat' dir='ltr'>sublatique</span> <span class='ocrx_word' id='word_1_30' title='bbox 501 481 584 537; x_wconf 75' lang='lat' dir='ltr'>mensi,</span> <span class='ocrx_word' id='word_1_31' title='bbox 600 484 684 546; x_wconf 87' lang='lat' dir='ltr'>priores</span> <span class='ocrx_word' id='word_1_32' title='bbox 695 499 832 544; x_wconf 78' lang='lat' dir='ltr'>consurgere</span> 
     </span>
    </p>
   </div>
   <div class='ocr_carea' id='block_1_3' title="bbox 67 543 831 610">
    <p class='ocr_par' dir='ltr' id='par_1_3' title="bbox 67 543 831 610">
     <span class='ocr_line' id='line_1_6' title="bbox 67 543 831 610; baseline 0.009 -24"><span class='ocrx_word' id='word_1_33' title='bbox 67 549 68 552; x_wconf 76' lang='grc'>’</span> <span class='ocrx_word' id='word_1_34' title='bbox 164 548 187 588; x_wconf 89' lang='lat' dir='ltr'>et</span> <span class='ocrx_word' id='word_1_35' title='bbox 197 543 256 590; x_wconf 88' lang='lat' dir='ltr'>abire</span> <span class='ocrx_word' id='word_1_36' title='bbox 266 545 412 605; x_wconf 87' lang='lat' dir='ltr'>patiebantur.</span> <span class='ocrx_word' id='word_1_37' title='bbox 437 547 475 592; x_wconf 87' lang='lat' dir='ltr'>Ex</span> <span class='ocrx_word' id='word_1_38' title='bbox 487 549 565 608; x_wconf 89' lang='lat' dir='ltr'>quibus</span> <span class='ocrx_word' id='word_1_39' title='bbox 575 556 672 610; x_wconf 85' lang='lat' dir='ltr'>apparet,</span> <span class='ocrx_word' id='word_1_40' title='bbox 687 563 758 596; x_wconf 81' lang='lat' dir='ltr'>coenae</span> <span class='ocrx_word' id='word_1_41' title='bbox 772 563 831 608; x_wconf 88' lang='lat' dir='ltr'>quo·</span> 
     </span>
    </p>
   </div>
   <div class='ocr_carea' id='block_1_4' title="bbox 163 614 828 733">
    <p class='ocr_par' dir='ltr' id='par_1_4' title="bbox 163 614 828 733">
     <span class='ocr_line' id='line_1_7' title="bbox 163 614 828 673; baseline 0.012 -23"><span class='ocrx_word' id='word_1_42' title='bbox 163 621 207 665; x_wconf 90' lang='lat' dir='ltr'>que</span> <span class='ocrx_word' id='word_1_43' title='bbox 218 614 325 669; x_wconf 90' lang='lat' dir='ltr'>tempore,</span> <span class='ocrx_word' id='word_1_44' title='bbox 337 625 403 670; x_wconf 88' lang='lat' dir='ltr'>quam</span> <span class='ocrx_word' id='word_1_45' title='bbox 414 626 481 672; x_wconf 91' lang='lat' dir='ltr'>parco</span> <span class='ocrx_word' id='word_1_46' title='bbox 495 619 518 658; x_wconf 87' lang='lat' dir='ltr'>et</span> <span class='ocrx_word' id='word_1_47' title='bbox 529 628 595 673; x_wconf 87' lang='lat' dir='ltr'>quam</span> <span class='ocrx_word' id='word_1_48' title='bbox 606 614 708 661; x_wconf 87' lang='lat' dir='ltr'>modesto</span> <span class='ocrx_word' id='word_1_49' title='bbox 718 627 828 666; x_wconf 85' lang='lat' dir='ltr'>sermone,</span> 
     </span>
     <span class='ocr_line' id='line_1_8' title="bbox 164 670 537 733; baseline 0.019 -17"><span class='ocrx_word' id='word_1_50' title='bbox 164 670 198 716; x_wconf 87' lang='lat' dir='ltr'>lris</span> <span class='ocrx_word' id='word_1_51' title='bbox 209 674 360 733; x_wconf 76' lang='lat' dir='ltr'>praesentibus,</span> <span class='ocrx_word' id='word_1_52' title='bbox 374 675 432 721; x_wconf 91' lang='lat' dir='ltr'>soliti</span> <span class='ocrx_word' id='word_1_53' title='bbox 443 677 487 722; x_wconf 85' lang='lat' dir='ltr'>sint</span> <span class='ocrx_word' id='word_1_54' title='bbox 498 677 537 723; x_wconf 86' lang='lat' dir='ltr'>uti.</span> 
     </span>
    </p>
   </div>
   <div class='ocr_carea' id='block_1_5' title="bbox 196 734 912 802">
    <p class='ocr_par' dir='ltr' id='par_1_5' title="bbox 196 734 912 802">
     <span class='ocr_line' id='line_1_9' title="bbox 196 734 912 802; baseline 0.013 -22"><span class='ocrx_word' id='word_1_55' title='bbox 196 734 259 798; x_wconf 89' lang='grc'>(10.)</span> <span class='ocrx_word' id='word_1_56' title='bbox 276 737 377 800; x_wconf 88' lang='lat' dir='ltr'>Majores</span> <span class='ocrx_word' id='word_1_57' title='bbox 387 747 441 786; x_wconf 87' lang='lat' dir='ltr'>natu</span> <span class='ocrx_word' id='word_1_58' title='bbox 456 741 480 785; x_wconf 93' lang='lat' dir='ltr'>in</span> <span class='ocrx_word' id='word_1_59' title='bbox 494 741 603 788; x_wconf 83' lang='lat' dir='ltr'>conviviis</span> <span class='ocrx_word' id='word_1_60' title='bbox 617 741 646 788; x_wconf 86' lang='lat' dir='ltr'>ad</span> <span class='ocrx_word' id='word_1_61' title='bbox 659 741 723 788; x_wconf 86' lang='lat' dir='ltr'>tibias</span> <span class='ocrx_word' id='word_1_62' title='bbox 737 741 829 802; x_wconf 79' lang='lat' dir='ltr'>egregia</span> <span class='ocrx_word' id='word_1_63' title='bbox 911 775 912 790; x_wconf 41' lang='lat' dir='ltr'>r</span> 
     </span>
    </p>
   </div>
   <div class='ocr_carea' id='block_1_6' title="bbox 161 801 829 1447">
    <p class='ocr_par' dir='ltr' id='par_1_6' title="bbox 161 801 829 1447">
     <span class='ocr_line' id='line_1_10' title="bbox 164 801 827 868; baseline 0.012 -24"><span class='ocrx_word' id='word_1_64' title='bbox 164 801 301 861; x_wconf 71' lang='lat' dir='ltr'>superiorum</span> <span class='ocrx_word' id='word_1_65' title='bbox 321 818 388 864; x_wconf 87' lang='lat' dir='ltr'>opera</span> <span class='ocrx_word' id='word_1_66' title='bbox 406 805 503 852; x_wconf 82' lang='lat' dir='ltr'>carmine</span> <span class='ocrx_word' id='word_1_67' title='bbox 519 807 677 868; x_wconf 87' lang='lat' dir='ltr'>comprehensu</span> <span class='ocrx_word' id='word_1_68' title='bbox 693 807 827 868; x_wconf 87' lang='lat' dir='ltr'>pangebant,</span> 
     </span>
     <span class='ocr_line' id='line_1_11' title="bbox 163 865 826 930; baseline 0.009 -21"><span class='ocrx_word' id='word_1_69' title='bbox 163 877 209 923; x_wconf 89' lang='lat' dir='ltr'>quo</span> <span class='ocrx_word' id='word_1_70' title='bbox 224 865 251 911; x_wconf 90' lang='lat' dir='ltr'>ad</span> <span class='ocrx_word' id='word_1_71' title='bbox 260 881 286 912; x_wconf 83' lang='lat' dir='ltr'>ea</span> <span class='ocrx_word' id='word_1_72' title='bbox 296 867 402 914; x_wconf 88' lang='lat' dir='ltr'>imitanda</span> <span class='ocrx_word' id='word_1_73' title='bbox 408 869 551 930; x_wconf 85' lang='lat' dir='ltr'>juventutem</span> <span class='ocrx_word' id='word_1_74' title='bbox 562 871 690 917; x_wconf 75' lang='lat' dir='ltr'>alacriorem</span> <span class='ocrx_word' id='word_1_75' title='bbox 702 871 826 917; x_wconf 88' lang='lat' dir='ltr'>redderent.</span> 
     </span>
     <span class='ocr_line' id='line_1_12' title="bbox 165 927 827 993; baseline 0.006 -18"><span class='ocrx_word' id='word_1_76' title='bbox 165 927 227 980; x_wconf 80' lang='lat' dir='ltr'>Quid</span> <span class='ocrx_word' id='word_1_77' title='bbox 237 931 279 978; x_wconf 91' lang='lat' dir='ltr'>hoc</span> <span class='ocrx_word' id='word_1_78' title='bbox 290 931 432 993; x_wconf 73' lang='lat' dir='ltr'>splendidius,</span> <span class='ocrx_word' id='word_1_79' title='bbox 447 934 500 993; x_wconf 90' lang='lat' dir='ltr'>quid</span> <span class='ocrx_word' id='word_1_80' title='bbox 512 928 578 982; x_wconf 85' lang='lat' dir='ltr'>etiam</span> <span class='ocrx_word' id='word_1_81' title='bbox 594 936 676 989; x_wconf 85' lang='lat' dir='ltr'>utilius,</span> <span class='ocrx_word' id='word_1_82' title='bbox 690 933 827 982; x_wconf 81' lang='lat' dir='ltr'>certamine?</span> 
     </span>
     <span class='ocr_line' id='line_1_13' title="bbox 164 991 828 1046; baseline 0.012 -8"><span class='ocrx_word' id='word_1_83' title='bbox 164 991 273 1042; x_wconf 85' lang='lat' dir='ltr'>Pubertas</span> <span class='ocrx_word' id='word_1_84' title='bbox 281 997 342 1042; x_wconf 84' lang='lat' dir='ltr'>canis</span> <span class='ocrx_word' id='word_1_85' title='bbox 353 1011 419 1042; x_wconf 88' lang='lat' dir='ltr'>suum</span> <span class='ocrx_word' id='word_1_86' title='bbox 430 999 537 1044; x_wconf 88' lang='lat' dir='ltr'>honorem</span> <span class='ocrx_word' id='word_1_87' title='bbox 546 999 662 1046; x_wconf 86' lang='lat' dir='ltr'>reddebat:</span> <span class='ocrx_word' id='word_1_88' title='bbox 679 999 782 1046; x_wconf 77' lang='lat' dir='ltr'>deiuncta</span> <span class='ocrx_word' id='word_1_89' title='bbox 792 999 828 1046; x_wconf 85' lang='lat' dir='ltr'>vi-</span> 
     </span>
     <span class='ocr_line' id='line_1_14' title="bbox 162 1057 829 1124; baseline 0.012 -22"><span class='ocrx_word' id='word_1_90' title='bbox 162 1057 219 1104; x_wconf 91' lang='lat' dir='ltr'>rium</span> <span class='ocrx_word' id='word_1_91' title='bbox 231 1075 297 1106; x_wconf 89' lang='lat' dir='ltr'>cursu</span> <span class='ocrx_word' id='word_1_92' title='bbox 308 1068 363 1108; x_wconf 84' lang='lat' dir='ltr'>aetas</span> <span class='ocrx_word' id='word_1_93' title='bbox 373 1062 523 1124; x_wconf 77' lang='lat' dir='ltr'>ingredientes</span> <span class='ocrx_word' id='word_1_94' title='bbox 534 1071 647 1110; x_wconf 87' lang='lat' dir='ltr'>actuosam</span> <span class='ocrx_word' id='word_1_95' title='bbox 661 1064 730 1110; x_wconf 80' lang='lat' dir='ltr'>vitam</span> <span class='ocrx_word' id='word_1_96' title='bbox 744 1063 829 1110; x_wconf 85' lang='lat' dir='ltr'>favoris</span> 
     </span>
     <span class='ocr_line' id='line_1_15' title="bbox 162 1124 826 1188; baseline 0.011 -20"><span class='ocrx_word' id='word_1_97' title='bbox 162 1124 303 1171; x_wconf 76' lang='lat' dir='ltr'>nutrimentis</span> <span class='ocrx_word' id='word_1_98' title='bbox 325 1129 503 1188; x_wconf 83' lang='lat' dir='ltr'>prosequebatur.</span> <span class='ocrx_word' id='word_1_99' title='bbox 537 1127 601 1182; x_wconf 81' lang='lat' dir='ltr'>Quas</span> <span class='ocrx_word' id='word_1_100' title='bbox 625 1128 734 1180; x_wconf 86' lang='lat' dir='ltr'>Athenas,</span> <span class='ocrx_word' id='word_1_101' title='bbox 759 1143 826 1187; x_wconf 83' lang='lat' dir='ltr'>quam</span> 
     </span>
     <span class='ocr_line' id='line_1_16' title="bbox 161 1188 827 1252; baseline 0.008 -18"><span class='ocrx_word' id='word_1_102' title='bbox 161 1188 267 1243; x_wconf 80' lang='lat' dir='ltr'>scholam,</span> <span class='ocrx_word' id='word_1_103' title='bbox 279 1206 330 1250; x_wconf 86' lang='lat' dir='ltr'>quae</span> <span class='ocrx_word' id='word_1_104' title='bbox 341 1191 465 1252; x_wconf 82' lang='lat' dir='ltr'>alienigena</span> <span class='ocrx_word' id='word_1_105' title='bbox 475 1191 553 1244; x_wconf 86' lang='lat' dir='ltr'>studia,</span> <span class='ocrx_word' id='word_1_106' title='bbox 565 1193 617 1238; x_wconf 93' lang='lat' dir='ltr'>huic</span> <span class='ocrx_word' id='word_1_107' title='bbox 625 1193 752 1238; x_wconf 72' lang='lat' dir='ltr'>domestice</span> <span class='ocrx_word' id='word_1_108' title='bbox 760 1192 827 1238; x_wconf 84' lang='lat' dir='ltr'>disci-</span> 
     </span>
     <span class='ocr_line' id='line_1_17' title="bbox 161 1251 825 1317; baseline 0.006 -21"><span class='ocrx_word' id='word_1_109' title='bbox 161 1251 385 1314; x_wconf 80' lang='lat' dir='ltr'>plinaepraetulerirn?</span> <span class='ocrx_word' id='word_1_110' title='bbox 400 1255 588 1302; x_wconf 86' lang='lat' dir='ltr'>indeoriebantur</span> <span class='ocrx_word' id='word_1_111' title='bbox 596 1255 691 1309; x_wconf 87' lang='lat' dir='ltr'>Camilli,</span> <span class='ocrx_word' id='word_1_112' title='bbox 702 1256 825 1317; x_wconf 78' lang='lat' dir='ltr'>Scipiones,</span> 
     </span>
     <span class='ocr_line' id='line_1_18' title="bbox 162 1313 827 1383; baseline 0.009 -22"><span class='ocrx_word' id='word_1_113' title='bbox 162 1313 263 1368; x_wconf 82' lang='lat' dir='ltr'>Fabricii,</span> <span class='ocrx_word' id='word_1_114' title='bbox 277 1318 387 1371; x_wconf 84' lang='lat' dir='ltr'>Marcelli,</span> <span class='ocrx_word' id='word_1_115' title='bbox 400 1318 476 1365; x_wconf 90' lang='lat' dir='ltr'>Fabii:</span> <span class='ocrx_word' id='word_1_116' title='bbox 494 1335 526 1373; x_wconf 88' lang='lat' dir='ltr'>ac,</span> <span class='ocrx_word' id='word_1_117' title='bbox 540 1335 568 1366; x_wconf 88' lang='lat' dir='ltr'>ne</span> <span class='ocrx_word' id='word_1_118' title='bbox 579 1321 667 1383; x_wconf 86' lang='lat' dir='ltr'>singula</span> <span class='ocrx_word' id='word_1_119' title='bbox 677 1321 761 1382; x_wconf 88' lang='lat' dir='ltr'>imperii</span> <span class='ocrx_word' id='word_1_120' title='bbox 772 1335 827 1367; x_wconf 83' lang='lat' dir='ltr'>nos·</span> 
     </span>
     <span class='ocr_line' id='line_1_19' title="bbox 161 1378 827 1447; baseline 0.014 -24"><span class='ocrx_word' id='word_1_121' title='bbox 161 1378 190 1423; x_wconf 90' lang='lat' dir='ltr'>tri</span> <span class='ocrx_word' id='word_1_122' title='bbox 205 1380 289 1426; x_wconf 89' lang='lat' dir='ltr'>lumina</span> <span class='ocrx_word' id='word_1_123' title='bbox 304 1382 370 1426; x_wconf 90' lang='lat' dir='ltr'>simul</span> <span class='ocrx_word' id='word_1_124' title='bbox 385 1385 532 1441; x_wconf 90' lang='lat' dir='ltr'>percurrendo</span> <span class='ocrx_word' id='word_1_125' title='bbox 548 1385 589 1431; x_wconf 90' lang='lat' dir='ltr'>sim</span> <span class='ocrx_word' id='word_1_126' title='bbox 604 1386 700 1447; x_wconf 87' lang='lat' dir='ltr'>longior,</span> <span class='ocrx_word' id='word_1_127' title='bbox 716 1385 773 1438; x_wconf 91' lang='lat' dir='ltr'>inde,</span> <span class='ocrx_word' id='word_1_128' title='bbox 790 1385 827 1432; x_wconf 92' lang='lat' dir='ltr'>in-</span> 
     </span>
    </p>
   </div>
   <div class='ocr_carea' id='block_1_7' title="bbox 161 1445 797 1509">
    <p class='ocr_par' dir='ltr' id='par_1_7' title="bbox 161 1445 797 1509">
     <span class='ocr_line' id='line_1_20' title="bbox 161 1445 797 1509; baseline 0.011 -21"><span class='ocrx_word' id='word_1_129' title='bbox 161 1457 234 1503; x_wconf 82' lang='lat' dir='ltr'>quam,</span> <span class='ocrx_word' id='word_1_130' title='bbox 247 1445 298 1491; x_wconf 91' lang='lat' dir='ltr'>ooeli</span> <span class='ocrx_word' id='word_1_131' title='bbox 309 1445 430 1492; x_wconf 81' lang='lat' dir='ltr'>clarissima</span> <span class='ocrx_word' id='word_1_132' title='bbox 440 1462 498 1509; x_wconf 86' lang='lat' dir='ltr'>pars,</span> <span class='ocrx_word' id='word_1_133' title='bbox 511 1448 556 1496; x_wconf 88' lang='lat' dir='ltr'>divi</span> <span class='ocrx_word' id='word_1_134' title='bbox 565 1448 676 1500; x_wconf 84' lang='lat' dir='ltr'>fulserunt</span> <span class='ocrx_word' id='word_1_135' title='bbox 688 1447 797 1498; x_wconf 70' lang='lat' dir='ltr'>cemes.</span> 
     </span>
    </p>
   </div>
   <div class='ocr_carea' id='block_1_8' title="bbox 447 1577 543 1595">
    <p class='ocr_par' dir='ltr' id='par_1_8' title="bbox 447 1577 543 1595">
     <span class='ocr_line' id='line_1_21' title="bbox 447 1577 543 1595; baseline 0.021 -2"><span class='ocrx_word' id='word_1_136' title='bbox 447 1577 543 1595; x_wconf 42' lang='grc' dir='ltr'><strong>ἡ</strong></span> 
     </span>
    </p>
   </div>
   <div class='ocr_carea' id='block_1_9' title="bbox 160 1635 826 1776">
    <p class='ocr_par' dir='ltr' id='par_1_9' title="bbox 160 1635 826 1776">
     <span class='ocr_line' id='line_1_22' title="bbox 160 1635 826 1725; baseline 0.02 -27"><span class='ocrx_word' id='word_1_137' title='bbox 160 1646 344 1722; x_wconf 63' lang='lat' dir='ltr'>crr.11.71&gt;e</span> <span class='ocrx_word' id='word_1_138' title='bbox 357 1635 543 1713; x_wconf 62' lang='lat' dir='ltr'>baalsamem</span> <span class='ocrx_word' id='word_1_139' title='bbox 556 1665 627 1721; x_wconf 79' lang='lat' dir='ltr'>atqroe</span> <span class='ocrx_word' id='word_1_140' title='bbox 640 1659 755 1710; x_wconf 76' lang='lat' dir='ltr'>ordinum</span> <span class='ocrx_word' id='word_1_141' title='bbox 768 1659 826 1725; x_wconf 84' lang='lat' dir='ltr'>Offi-</span> 
     </span>
     <span class='ocr_line' id='line_1_23' title="bbox 383 1719 602 1776; baseline 0.027 -9"><span class='ocrx_word' id='word_1_142' title='bbox 383 1719 431 1776; x_wconf 80' lang='lat' dir='ltr'>ciis,</span> <span class='ocrx_word' id='word_1_143' title='bbox 442 1729 465 1769; x_wconf 80' lang='lat' dir='ltr'>et</span> <span class='ocrx_word' id='word_1_144' title='bbox 475 1724 602 1773; x_wconf 70' lang='lat' dir='ltr'>Imitare.</span> 
     </span>
    </p>
   </div>
   <div class='ocr_carea' id='block_1_10' title="bbox 161 1830 910 1912">
    <p class='ocr_par' dir='ltr' id='par_1_10' title="bbox 161 1830 910 1912">
     <span class='ocr_line' id='line_1_24' title="bbox 161 1830 910 1912; baseline 0.016 -24"><span class='ocrx_word' id='word_1_145' title='bbox 161 1843 182 1888; x_wconf 90' lang='lat'>1.</span> <span class='ocrx_word' id='word_1_146' title='bbox 197 1839 293 1890; x_wconf 73' lang='lat' dir='ltr'>Senatus</span> <span class='ocrx_word' id='word_1_147' title='bbox 304 1842 373 1892; x_wconf 86' lang='lat' dir='ltr'>Rom.</span> <span class='ocrx_word' id='word_1_148' title='bbox 385 1830 443 1895; x_wconf 82' lang='lat' dir='ltr'>lides</span> <span class='ocrx_word' id='word_1_149' title='bbox 453 1855 477 1896; x_wconf 86' lang='lat' dir='ltr'>et</span> <span class='ocrx_word' id='word_1_150' title='bbox 507 1849 531 1896; x_wconf 84' lang='lat'>5.</span> <span class='ocrx_word' id='word_1_151' title='bbox 549 1847 682 1898; x_wconf 82' lang='lat' dir='ltr'>Constantia</span> <span class='ocrx_word' id='word_1_152' title='bbox 698 1849 824 1912; x_wconf 80' lang='lat' dir='ltr'>legatomm</span> <span class='ocrx_word' id='word_1_153' title='bbox 906 1877 910 1893; x_wconf 85' lang='lat'><strong>·</strong></span> 
     </span>
    </p>
   </div>
   <div class='ocr_carea' id='block_1_11' title="bbox 154 1909 909 2427">
    <p class='ocr_par' dir='ltr' id='par_1_11' title="bbox 254 1909 766 1962">
     <span class='ocr_line' id='line_1_25' title="bbox 254 1909 766 1962; baseline 0.016 -8"><span class='ocrx_word' id='word_1_154' title='bbox 254 1909 401 1958; x_wconf 81' lang='lat' dir='ltr'>taciturnitas.</span> <span class='ocrx_word' id='word_1_155' title='bbox 602 1913 766 1962; x_wconf 84' lang='lat' dir='ltr'>Romanorum.</span> 
     </span>
    </p>

    <p class='ocr_par' dir='ltr' id='par_1_12' title="bbox 158 1970 909 2235">
     <span class='ocr_line' id='line_1_26' title="bbox 158 1970 777 2040; baseline 0.013 -22"><span class='ocrx_word' id='word_1_156' title='bbox 158 1973 182 2017; x_wconf 74' lang='lat'>2.</span> <span class='ocrx_word' id='word_1_157' title='bbox 205 1970 336 2021; x_wconf 80' lang='lat' dir='ltr'>Auctoritas</span> <span class='ocrx_word' id='word_1_158' title='bbox 357 1975 475 2038; x_wconf 82' lang='lat' dir='ltr'>magistra·</span> <span class='ocrx_word' id='word_1_159' title='bbox 506 1981 529 2024; x_wconf 89' lang='lat'>6.</span> <span class='ocrx_word' id='word_1_160' title='bbox 543 1975 777 2040; x_wconf 81' lang='lat' dir='ltr'>Vigilantiasenatds.</span> 
     </span>
     <span class='ocr_line' id='line_1_27' title="bbox 252 2041 823 2104; baseline 0.014 -20"><span class='ocrx_word' id='word_1_161' title='bbox 252 2042 476 2093; x_wconf 73' lang='lat' dir='ltr'>tuumetobservan-</span> <span class='ocrx_word' id='word_1_162' title='bbox 506 2043 529 2090; x_wconf 83' lang='lat'>⁷.</span> <span class='ocrx_word' id='word_1_163' title='bbox 544 2041 671 2104; x_wconf 85' lang='lat' dir='ltr'>Diligentia</span> <span class='ocrx_word' id='word_1_164' title='bbox 684 2044 823 2092; x_wconf 89' lang='lat' dir='ltr'>tribunorum</span> 
     </span>
     <span class='ocr_line' id='line_1_28' title="bbox 252 2103 677 2170; baseline 0.012 -21"><span class='ocrx_word' id='word_1_165' title='bbox 252 2103 285 2150; x_wconf 88' lang='lat' dir='ltr'>tia</span> <span class='ocrx_word' id='word_1_166' title='bbox 311 2104 396 2167; x_wconf 85' lang='lat' dir='ltr'>linguae</span> <span class='ocrx_word' id='word_1_167' title='bbox 427 2104 475 2152; x_wconf 89' lang='lat' dir='ltr'>La·</span> <span class='ocrx_word' id='word_1_168' title='bbox 600 2108 677 2170; x_wconf 84' lang='lat' dir='ltr'>plebis.</span> 
     </span>
     <span class='ocr_line' id='line_1_29' title="bbox 253 2167 909 2235; baseline 0.015 -22"><span class='ocrx_word' id='word_1_169' title='bbox 253 2167 316 2215; x_wconf 82' lang='lat' dir='ltr'>tinae.</span> <span class='ocrx_word' id='word_1_170' title='bbox 505 2171 528 2216; x_wconf 90' lang='lat'>8.</span> <span class='ocrx_word' id='word_1_171' title='bbox 545 2169 687 2220; x_wconf 85' lang='lat' dir='ltr'>Abstinentia</span> <span class='ocrx_word' id='word_1_172' title='bbox 703 2173 823 2235; x_wconf 79' lang='lat' dir='ltr'>magistra·</span> <span class='ocrx_word' id='word_1_173' title='bbox 904 2167 909 2184; x_wconf 68' lang='lat'><strong>¹</strong></span> 
     </span>
    </p>

    <p class='ocr_par' dir='ltr' id='par_1_13' title="bbox 154 2226 852 2362">
     <span class='ocr_line' id='line_1_30' title="bbox 154 2226 852 2294; baseline 0.01 -17"><span class='ocrx_word' id='word_1_174' title='bbox 154 2233 179 2277; x_wconf 80' lang='grc'>8.</span> <span class='ocrx_word' id='word_1_175' title='bbox 190 2226 317 2278; x_wconf 67' lang='lat' dir='ltr'>umarus</span> <span class='ocrx_word' id='word_1_176' title='bbox 324 2232 473 2294; x_wconf 86' lang='lat' dir='ltr'>eloquentiam</span> <span class='ocrx_word' id='word_1_177' title='bbox 600 2242 671 2282; x_wconf 78' lang='lat' dir='ltr'>tuum,</span> <span class='ocrx_word' id='word_1_178' title='bbox 846 2261 852 2270; x_wconf 93' lang='lat'><em>·</em></span> 
     </span>
     <span class='ocr_line' id='line_1_31' title="bbox 253 2296 824 2362; baseline 0.016 -21"><span class='ocrx_word' id='word_1_179' title='bbox 253 2310 368 2356; x_wconf 84' lang='lat' dir='ltr'>spernens.</span> <span class='ocrx_word' id='word_1_180' title='bbox 505 2302 528 2345; x_wconf 90' lang='lat'>9.</span> <span class='ocrx_word' id='word_1_181' title='bbox 542 2296 652 2360; x_wconf 88' lang='lat' dir='ltr'>Equitum</span> <span class='ocrx_word' id='word_1_182' title='bbox 663 2301 732 2348; x_wconf 88' lang='lat' dir='ltr'>Rom.</span> <span class='ocrx_word' id='word_1_183' title='bbox 742 2300 824 2362; x_wconf 74' lang='lat' dir='ltr'>proba·</span> 
     </span>
    </p>

    <p class='ocr_par' dir='ltr' id='par_1_14' title="bbox 154 2353 819 2427">
     <span class='ocr_line' id='line_1_32' title="bbox 154 2353 819 2427; baseline 0.017 -25"><span class='ocrx_word' id='word_1_184' title='bbox 154 2359 178 2404; x_wconf 82' lang='lat'>4.</span> <span class='ocrx_word' id='word_1_185' title='bbox 192 2353 302 2420; x_wconf 81' lang='lat' dir='ltr'>Msjestas</span> <span class='ocrx_word' id='word_1_186' title='bbox 313 2363 442 2410; x_wconf 85' lang='lat' dir='ltr'>consularis.</span> <span class='ocrx_word' id='word_1_187' title='bbox 600 2366 638 2418; x_wconf 92' lang='lat' dir='ltr'>tio,</span> <span class='ocrx_word' id='word_1_188' title='bbox 649 2373 672 2412; x_wconf 88' lang='lat' dir='ltr'>et</span> <span class='ocrx_word' id='word_1_189' title='bbox 681 2365 819 2427; x_wconf 77' lang='lat' dir='ltr'>Lupercalia.</span> 
     </span>
    </p>
   </div>
   <div class='ocr_carea' id='block_1_12' title="bbox 154 2477 820 2616">
    <p class='ocr_par' dir='ltr' id='par_1_15' title="bbox 154 2477 820 2616">
     <span class='ocr_line' id='line_1_33' title="bbox 187 2477 820 2551; baseline 0.014 -25"><span class='ocrx_word' id='word_1_190' title='bbox 187 2477 233 2543; x_wconf 89' lang='lat'>(1.)</span> <span class='ocrx_word' id='word_1_191' title='bbox 245 2479 310 2530; x_wconf 86' lang='lat' dir='ltr'>Adeo</span> <span class='ocrx_word' id='word_1_192' title='bbox 321 2493 395 2532; x_wconf 86' lang='lat' dir='ltr'>autem</span> <span class='ocrx_word' id='word_1_193' title='bbox 406 2486 489 2550; x_wconf 78' lang='lat' dir='ltr'>magud</span> <span class='ocrx_word' id='word_1_194' title='bbox 497 2489 588 2536; x_wconf 70' lang='lat' dir='ltr'>cantate</span> <span class='ocrx_word' id='word_1_195' title='bbox 596 2490 673 2551; x_wconf 86' lang='lat' dir='ltr'>petriae</span> <span class='ocrx_word' id='word_1_196' title='bbox 682 2491 820 2544; x_wconf 87' lang='lat' dir='ltr'>tenebantur,</span> 
     </span>
     <span class='ocr_line' id='line_1_34' title="bbox 154 2549 820 2616; baseline 0.015 -26"><span class='ocrx_word' id='word_1_197' title='bbox 154 2549 179 2590; x_wconf 87' lang='lat' dir='ltr'>ut</span> <span class='ocrx_word' id='word_1_198' title='bbox 190 2559 269 2593; x_wconf 82' lang='lat' dir='ltr'>aroana</span> <span class='ocrx_word' id='word_1_199' title='bbox 279 2550 370 2597; x_wconf 85' lang='lat' dir='ltr'>consilia</span> <span class='ocrx_word' id='word_1_200' title='bbox 383 2551 474 2598; x_wconf 81' lang='lat' dir='ltr'>Petrum</span> <span class='ocrx_word' id='word_1_201' title='bbox 488 2553 672 2616; x_wconf 84' lang='lat' dir='ltr'>conscriptorum</span> <span class='ocrx_word' id='word_1_202' title='bbox 687 2555 763 2600; x_wconf 83' lang='lat' dir='ltr'>multis</span> <span class='ocrx_word' id='word_1_203' title='bbox 776 2569 820 2599; x_wconf 69' lang='lat' dir='ltr'>aa·</span> 
     </span>
    </p>
   </div>
   <div class='ocr_carea' id='block_1_13' title="bbox 153 2607 912 2672">
    <p class='ocr_par' dir='ltr' id='par_1_16' title="bbox 153 2607 912 2672">
     <span class='ocr_line' id='line_1_35' title="bbox 153 2607 912 2672; baseline 0.02 -21"><span class='ocrx_word' id='word_1_204' title='bbox 153 2607 209 2654; x_wconf 88' lang='lat' dir='ltr'>culis</span> <span class='ocrx_word' id='word_1_205' title='bbox 220 2623 285 2656; x_wconf 90' lang='lat' dir='ltr'>nemo</span> <span class='ocrx_word' id='word_1_206' title='bbox 297 2622 386 2662; x_wconf 85' lang='lat' dir='ltr'>serrator</span> <span class='ocrx_word' id='word_1_207' title='bbox 397 2618 551 2666; x_wconf 80' lang='lat' dir='ltr'>enuntiaverit.</span> <span class='ocrx_word' id='word_1_208' title='bbox 569 2618 601 2672; x_wconf 67' lang='lat' dir='ltr'>Q„</span> <span class='ocrx_word' id='word_1_209' title='bbox 609 2618 692 2666; x_wconf 83' lang='lat' dir='ltr'>Fabius</span> <span class='ocrx_word' id='word_1_210' title='bbox 703 2618 822 2665; x_wconf 76' lang='lat' dir='ltr'>Maximus</span> <span class='ocrx_word' id='word_1_211' title='bbox 911 2623 912 2630; x_wconf 76' lang='grc'>’</span> 
     </span>
    </p>
   </div>
   <div class='ocr_carea' id='block_1_14' title="bbox 153 2675 819 2744">
    <p class='ocr_par' dir='ltr' id='par_1_17' title="bbox 153 2675 819 2744">
     <span class='ocr_line' id='line_1_36' title="bbox 153 2675 819 2744; baseline -0.009 -10"><span class='ocrx_word' id='word_1_212' title='bbox 153 2675 315 2733; x_wconf 60' lang='lat' dir='ltr'>²¹¹¹me</span> <span class='ocrx_word' id='word_1_213' title='bbox 334 2680 389 2744; x_wconf 80' lang='lat' dir='ltr'>etis</span> <span class='ocrx_word' id='word_1_214' title='bbox 406 2680 453 2744; x_wconf 87' lang='lat' dir='ltr'>ipse</span> <span class='ocrx_word' id='word_1_215' title='bbox 467 2697 506 2743; x_wconf 86' lang='lat' dir='ltr'>per</span> <span class='ocrx_word' id='word_1_216' title='bbox 520 2683 697 2744; x_wconf 83' lang='lat' dir='ltr'>imprudentiam,</span> <span class='ocrx_word' id='word_1_217' title='bbox 714 2683 741 2732; x_wconf 88' lang='lat' dir='ltr'>de</span> <span class='ocrx_word' id='word_1_218' title='bbox 751 2682 819 2730; x_wconf 87' lang='lat' dir='ltr'>tertio</span> 
     </span>
    </p>
   </div>
   <div class='ocr_carea' id='block_1_15' title="bbox 0 0 926 2992">
    <p class='ocr_par' dir='ltr' id='par_1_18' title="bbox 0 0 926 2992">
     <span class='ocr_line' id='line_1_37' title="bbox 0 0 926 2992; baseline 0 2"><span class='ocrx_word' id='word_1_219' title='bbox 0 0 926 2992; x_wconf 95' lang='lat' dir='ltr'> </span> 
     </span>
    </p>
   </div>
  </div>
 </body>
</html>
