1820 2982
144 163 223 216 VAL.
234 161 373 214 Msxltss
388 163 443 214 Lu.
456 164 506 214 Ill.
521 162 617 216 Caris.
667 163 715 215 iol

47 314 78 348 se
88 313 103 346 a
112 296 211 345 Metello
221 293 378 358 impediretur:
396 302 420 344 et
430 295 493 344 illum
506 294 644 347 Celtiberum
655 296 718 346 inso-

46 364 174 412 lentissime
193 361 358 422 obequitantem
377 370 519 410 consectatus
534 361 662 421 interemit;
680 363 720 410 de·

48 437 178 489 tractasque
186 427 273 488 corpori
281 427 329 488 ejus
339 428 432 473 exuvies
443 441 514 474 ovans
524 426 602 474 laetitii
612 428 636 473 in
647 435 721 476 cestra

48 495 136 542 retulit.
152 491 216 538 Idem
226 491 336 544 Firmum,
346 491 461 538 nobilitate
468 507 495 540 sc
502 493 586 539 virtute
594 490 721 542 Celtiberos

49 574 132 608 omnes
147 563 298 620 praestantem,
316 571 367 602 cum
383 557 410 603 ab
427 573 454 603 eo
469 557 493 602 in
509 565 622 605 certamen
635 574 721 621 pugnae

49 625 176 672 devocatus
184 628 250 674 esset,
263 621 407 668 succumbere
418 622 458 668 sibi
469 613 550 684 cbegit.
573 621 626 670 Nec
634 624 723 672 erubuit

49 687 222 750 flagrantissimi
232 685 330 748 pectoris
335 687 427 748 juvenis
437 687 537 748 gladium
545 687 566 734 ei
577 703 643 735 suum
654 697 678 736 et
686 704 724 737 so·

50 755 143 818 gulum,
155 759 250 813 utroque
258 750 358 797 exercitu
369 757 491 813 spectante,
502 753 596 800 tradere.
613 752 657 801 Ille
667 769 724 801 vero

51 820 122 866 etiam
139 817 210 878 petiit,
229 823 255 862 ut
269 815 360 876 hospitii
372 817 425 878 jure
438 817 497 863 inter
511 832 536 864 se
549 817 624 879 juncti
637 825 722 873 essent,

51 882 144 946 quando
159 881 218 928 iuter
232 880 351 928 sommo
365 888 390 928 et
400 879 525 930 Celtiberos
534 896 580 944 pax
589 881 649 931 loret
658 883 726 932 resti·

86 1008 155 1076 (22.)
172 1008 212 1056 Ne
223 1007 252 1057 C.
260 1008 360 1056 Acilium
371 1007 460 1071 quidem
470 1010 586 1072 praeterire
595 1026 724 1072 possumus,

51 1078 103 1140 qui,
121 1091 174 1122 cum
185 1074 278 1120 decimae
288 1074 383 1136 legionis
398 1075 462 1120 miles
472 1090 513 1136 pro
526 1073 554 1122 C.
567 1073 665 1124 Caesaris
675 1091 728 1138 per·

51 1145 115 1190 tibus
121 1136 233 1188 maritimi
239 1136 315 1200 pugni
321 1139 467 1200 proeliaretur,
475 1136 560 1185 abscisi
566 1138 651 1193 dextri,
659 1155 727 1200 quam

52 1203 237 1256 Massiliensium
248 1203 300 1249 navi
310 1203 423 1265 injecerat,
435 1201 494 1250 laevt
503 1203 595 1265 puppim
604 1205 728 1266 apprehen-

52 1274 104 1329 dit;
117 1284 161 1316 noc
169 1276 221 1315 onte
231 1267 336 1314 dimicare
344 1267 435 1321 destitit,
445 1283 511 1328 quam
520 1275 607 1330 captam
615 1269 727 1331 profundo

52 1340 180 1398 mergeret.
197 1332 266 1387 Quod
272 1331 357 1379 factum
365 1347 443 1394 parum
448 1331 510 1394 justi
518 1332 598 1380 notitii
637 1342 677 1382 tet.
692 1337 729 1384 At

55 1399 211 1463 Cynaegirum
226 1397 397 1452 Atheniensem
416 1397 482 1445 simili
499 1399 605 1460 pertinaci
633 1401 657 1447 in
672 1417 730 1449 con·

56 1464 173 1514 sectandis
192 1461 293 1508 hostibus
314 1477 388 1516 usum,
410 1463 505 1510 verbosa
524 1464 615 1512 laudum
637 1482 729 1514 suarum

57 1538 130 1579 cantu
146 1528 239 1576 Graecia
248 1527 357 1603 ‘omnium
375 1529 509 1576 saectdorum
523 1532 639 1580 memorite
653 1533 731 1581 litera·

56 1593 384 1725 magilecglliisidudrlicdtcilii
394 1657 489 1719 gloriam
499 1661 600 1708 terrestri
609 1661 676 1710 laude
690 1661 729 1710 M.

59 1725 154 1776 Cresius
167 1721 253 1775 Scaeva,
270 1721 369 1784 ejusdem
379 1722 518 1784 imperatoris
528 1727 636 1782 centurio,
655 1729 734 1776 subse-

59 1799 129 1840 cutus
149 1794 191 1835 est.
218 1785 278 1835 Cum
295 1787 355 1833 enim
370 1803 412 1850 pro
429 1789 528 1842 castello,
545 1791 582 1836 cui
597 1793 734 1854 praepositus

60 1863 117 1910 ent,
128 1853 251 1905 dimicaret.
262 1849 363 1912 Cueique
371 1851 473 1914 Pompeii
481 1852 601 1914 prefectus
607 1857 674 1918 jussu
685 1859 734 1920 ejus

61 1934 155 1968 summo
172 1915 246 1964 studio
261 1923 285 1963 et
297 1931 382 1978 magno
396 1917 493 1963 rnilitum
507 1932 602 1965 numero
615 1921 644 1966 ed
659 1921 682 1966 id
696 1935 735 1968 cs-

61 1984 172 2048 piendum
189 1981 304 2034 niteretur,
322 1997 408 2036 omnes,
425 1981 464 2042 qui
478 1982 571 2045 propius
586 1992 734 2042 secesserant,

62 2047 194 2104 interemit3
212 2061 245 2100 ac,
258 2046 306 2093 sine
316 2047 363 2093 ullo
373 2061 486 2109 regressu,
496 2047 565 2109 pedes
572 2063 683 2110 pugnans,
696 2063 736 2110 su·

63 2131 105 2178 per
122 2114 240 2175 ingentem
258 2118 364 2174 stragem,
384 2126 451 2173 quam
469 2112 518 2174 ipse
534 2111 627 2167 fecerat,
645 2112 737 2162 corruit.

65 2179 141 2243 Cujus
152 2177 232 2239 capite,
245 2176 346 2231 humero,
357 2175 445 2223 femore
455 2177 538 2230 saucio,
550 2185 574 2224 et
584 2177 650 2225 oculo
660 2185 734 2235 eruto,

65 2251 159 2292 scutum
169 2248 260 2288 centrum
271 2247 295 2288 et
305 2241 386 2304 viginti
397 2241 476 2287 ictibus
486 2241 612 2303 perfossum
626 2243 736 2306 apparuit.

65 2309 137 2356 Tales
148 2309 173 2354 in
184 2306 264 2354 cestris
274 2306 319 2353 divi
327 2305 344 2355 J
345 2306 383 2353 ulii
391 2304 506 2368 discipline
515 2307 597 2355 milites
607 2307 669 2363 aluit,
681 2323 739 2371 quo-

67 2389 119 2422 rum
134 2373 192 2420 alter
206 2368 305 2424 dexteri,
323 2372 380 2418 ulter
396 2372 462 2418 oculo
478 2373 568 2428 amisso,
585 2374 686 2422 hostibus
701 2376 739 2422 in·

68 2439 151 2486 haesit:
171 2437 210 2483 ille
224 2443 277 2498 post
295 2437 353 2483 banc
368 2437 479 2499 jantumm
495 2438 575 2493 victor,
592 2439 630 2486 bic
648 2455 679 2489 ne
696 2441 739 2488 hac

67 2503 161 2566 quidem
168 2497 258 2564 jactari
267 2501 348 2548 victus.
733 2543 738 2548 ,

102 2567 183 2616 Tuum
196 2581 259 2620 vero,
277 2566 364 2619 Scaevo,
382 2565 580 2629 inexsuperabilem
596 2569 698 2632 spiritum
716 2569 740 2614 in

71 2631 168 2695 utriqoe
182 2638 245 2694 parte
259 2646 334 2678 renim
344 2637 438 2685 natura,
454 2630 499 2693 qud
508 2633 655 2682 admiratione
664 2648 742 2696 prose·

71 2714 135 2762 quar,
154 2695 247 2756 nescio;
262 2696 368 2758 quonism
379 2696 497 2748 excellenti
511 2699 596 2748 virtute
605 2699 696 2748 dubium
707 2711 743 2746 ro·
