1820 2982
180 147 259 202 aar.
268 147 535 238 Maxmrnmuv.
555 119 652 204 cusa
702 159 760 208 157'

331 321 498 370 Externorum.

227 413 249 455 l.
268 409 386 472 Spurinnae
397 409 496 458 Etrusci.

228 479 251 520 2.
270 473 410 536 Legatorum
423 476 600 538 Spartanorum..

111 595 137 642 A
149 591 194 655 quia
203 593 348 654 tempestivus
362 594 391 640 ad
401 595 556 641 verecundiam
566 594 673 642 transitus
684 595 747 642 vide-

75 670 133 710 tur:
152 661 202 704 baec
213 659 271 705 enim
278 659 409 719 justissimis
419 659 472 705 viris
483 661 595 722 praecepit,
609 667 634 706 ut
648 659 746 721 privatas

75 725 198 774 facultates
206 723 353 784 negligerent,
362 724 460 784 publicas
466 739 534 784 quam
543 725 688 786 amplissimas
696 740 746 770 esse

78 795 201 850 cuperent:
221 787 295 849 digna,
313 788 349 834 cui
365 788 456 849 perinde
473 795 539 849 atque
556 789 641 836 coelesti
660 789 747 834 numini

78 859 225 902 exstruantur
233 852 321 913 templa,
329 868 419 912 araeque
426 860 598 910 consecrantum
608 853 658 914 quia
666 867 746 914 parens

77 927 116 967 est
131 917 204 964 omnis
218 917 306 964 bonesti
320 917 415 971 consilii,
430 918 500 964 tutela
514 918 647 964 sollennium
661 918 746 964 officio-

75 999 138 1034 rum,
163 981 269 1042 magistra
286 981 428 1035 innocentiae,
447 997 500 1028 cara
517 983 632 1042 proximis,
654 987 745 1042 accepta

75 1046 165 1104 alienis,
177 1046 238 1091 omni
248 1045 307 1100 loco,
320 1047 381 1092 omni
393 1053 499 1106 tempore,
511 1045 654 1092 favorabilem
664 1059 712 1107 prae
721 1060 748 1092 se

72 1113 154 1160 ferens
164 1110 258 1156 vultum.
670 1145 672 1148 .
768 1125 773 1128 -

109 1171 163 1240 (1.)
180 1173 226 1220 Sed
240 1181 293 1222 uta
306 1174 407 1221 laudiius
422 1175 470 1235 ejus
481 1173 508 1220 ad
518 1172 577 1220 sacta
591 1173 713 1224 veniamus.
731 1188 745 1220 a

74 1237 170 1300 conditi
185 1237 248 1285 Urbe
265 1254 334 1299 usque
351 1239 380 1284 ad
397 1237 529 1286 Africanum
547 1246 570 1284 et
584 1237 622 1284 Ti.
636 1236 744 1299 Longum

74 1304 190 1356 consules,
201 1303 341 1364 promiscuus
352 1303 438 1350 senatui
446 1310 469 1349 et
479 1303 562 1364 populo
574 1303 743 1364 spectandorum

73 1371 182 1418 ludorum
198 1367 261 1413 locus
278 1375 338 1414 erat:
358 1383 471 1428 nunquam
488 1375 563 1414 tamen
580 1367 697 1428 quisquam
715 1380 745 1412 ex

73 1436 143 1499 plebe
153 1438 205 1479 ante
217 1431 295 1478 Patres
302 1433 443 1493 conscriptos
454 1433 477 1478 in
488 1433 575 1481 theatro
587 1440 686 1494 spectare
695 1447 745 1478 sus-

74 1500 153 1550 tinuit·
171 1495 237 1542 Adeo
247 1496 407 1557 circumspecta
417 1505 500 1544 nostrae
508 1497 604 1544 civitatis
612 1497 745 1544 verecundia

72 1565 133 1614 suit:
148 1576 198 1622 quae
209 1561 297 1620 quidem
309 1561 455 1607 certissimum
464 1563 498 1608 sui
506 1562 665 1610 documentum
677 1561 744 1608 etiam

73 1632 116 1678 illo
127 1627 163 1674 die
174 1625 279 1679 exhibuit,
291 1641 335 1686 quo
346 1624 376 1671 L.
389 1624 529 1674 Flamininus
537 1626 637 1674 extrema
646 1626 670 1672 in
681 1632 744 1688 parte

75 1693 160 1746 theatri
169 1690 268 1747 constitit
274 1707 282 1748 3
294 1691 345 1750 quia
355 1706 368 1736 a
379 1689 415 1736 Μ.
428 1689 515 1739 Catone
525 1699 549 1737 et
558 1691 586 1737 L.
596 1691 678 1738 Flacco
690 1705 744 1737 cen·

76 1759 166 1808 soribus
181 1761 258 1802 senatu
273 1761 348 1800 motus
362 1754 441 1809 fuerat,
458 1755 587 1801 consulatis
596 1757 644 1816 jam
658 1757 744 1808 honore

76 1822 205 1873 defunctus,
224 1817 293 1866 irater
311 1820 377 1866 etiam
399 1819 429 1865 T.
449 1819 577 1872 Flaminini,
600 1819 743 1864 Macedoniae

76 1885 221 1948 Philippique
236 1884 335 1930 victoris.
361 1884 447 1930 Omnes
466 1883 525 1929 enim
542 1897 593 1928 eum
610 1883 704 1930 transire
719 1883 747 1928 in.

75 1955 153 2002 locum
165 1948 266 2010 dignitati
278 1965 325 1995 suae
336 1948 433 1994 debitum
444 1947 575 2008 coegerunt.

110 2013 160 2080 (2.)
171 2012 291 2075 Confregit
301 2013 457 2074 rempublicam
468 2011 589 2058 Terentius
597 2008 672 2056 Varro
682 2007 743 2056 Can-

75 2081 154 2130 nensis
163 2093 248 2140 pugnae
258 2079 376 2124 temerario
386 2078 497 2140 ingressu.
520 2073 584 2121 Idem
596 2075 690 2120 delatam
703 2076 743 2122 sibi

77 2150 106 2196 ab
116 2145 221 2192 universo
230 2150 308 2190 senatu
319 2149 342 2188 et
351 2143 434 2204 populo
445 2142 576 2187 dictaturam
588 2140 685 2200 recipere
696 2154 742 2185 non

77 2209 218 2262 sustinendo,
233 2207 318 2268 pudore
328 2207 416 2268 eulpam
431 2206 535 2252 maximae
550 2205 618 2251 cladis
633 2203 740 2251 redemit:

76 2275 201 2334 effecitque,
213 2281 238 2318 ut
249 2272 307 2318 acies
318 2271 422 2318 Deorum
432 2271 480 2324 irae,
492 2270 601 2316 modestia
610 2268 679 2330 ipsius
694 2285 743 2315 rno-

77 2344 146 2392 ribus,
164 2339 317 2398 imputaretur.
344 2334 424 2396 ltaque
434 2335 500 2382 titulo
513 2335 618 2396 imaginis
629 2335 677 2396 ejus
692 2349 743 2395 spe-

76 2405 160 2454 ciosius
177 2417 223 2447 non
238 2409 327 2463 recepta
343 2401 458 2455 dictatura,
477 2416 543 2462 quam
560 2401 654 2447 aliorum
668 2407 741 2462 gesta,

77 2467 171 2519 adscribi
182 2473 263 2527 potest.
577 2493 579 2500 ι

111 2530 160 2598 (3.)
177 2531 228 2577 Nos
245 2538 319 2577 autem
339 2531 367 2577 ad
384 2532 514 2593 praeclarum
530 2530 671 2598 verecundiae
688 2545 744 2592 opus

78 2596 274 2659 transgrediamur.
304 2595 392 2658 Magni
407 2613 457 2642 cum
472 2594 555 2644 invidiis
569 2595 671 2643 Fortuna
685 2611 744 2656 prae-

78 2665 142 2715 teriia
156 2661 251 2708 comitiis
266 2659 366 2708 Africani
379 2663 498 2724 superioris
512 2662 581 2709 lilium
598 2659 642 2710 Cn.
658 2659 744 2721 Scipio·
