1820 2982
191 159 238 204 ¹64
286 155 363 206 var,
377 155 514 206 maxim
532 155 584 206 [ars.
595 155 641 206 Π.
655 155 717 208 Cn.
733 156 756 206 7.

189 282 625 352 conuntihensvolentiiprohciseitur.
642 283 848 338 reaumaus

189 352 275 412 majore
292 365 321 397 ex
337 359 401 412 perte
417 350 536 399 adulationi
553 363 620 410 quarn
637 350 724 396 carissi
740 355 849 412 mugnus,

187 413 248 462 certe
259 423 375 478 suspectus
385 423 427 470 est,
438 415 530 478 perinde
544 429 570 462 ac
584 415 603 462 si
617 415 669 476 plns
684 421 847 476 sernperpetat,

187 493 254 540 quam
264 479 384 540 impendat.
407 480 503 527 Accedit
513 481 563 533 huc,
574 479 634 540 quod
643 478 747 525 infractae
756 479 849 525 iortrrnae

187 543 290 589 homines
305 545 377 605 magis
388 545 510 591 amicorum
520 544 592 592 studia
604 544 737 597 desiderant,
749 545 788 590 vel
796 559 851 605 pne·

188 607 237 652 sidii
245 608 282 654 vel
291 609 363 655 solatii
373 607 452 671 gratini.
478 609 540 656 Nam
548 609 600 656 heta
609 609 705 668 quidem,
717 615 742 654 et
750 622 851 670 prospers

187 673 285 784 ffiti}
303 681 446 784 ufmfgln
463 671 709 784 dldsseffimgafilurm
725 672 849 723 foveantur,

242 752 270 784 en
295 753 369 784 minus
383 753 406 784 m
422 753 473 800 rgen
600 753 626 784 us
636 753 666 799 rgr
717 752 799 784 eorum
814 753 851 783 no-

113 814 115 818 ·
187 801 249 848 mina
261 803 397 864 posteritatis
411 803 518 849 memoria
528 803 677 864 apprehendit,
694 802 731 862 qui
748 804 851 848 adversos

188 867 310 914 amicorum
325 883 389 916 casus
404 883 450 914 non
465 867 616 920 deseruerunt,
632 881 697 927 quarn
712 868 752 926 qui
763 883 852 928 prospe·

188 946 238 976 rum
252 932 306 978 vitae
316 947 406 978 cursum
418 932 515 978 comitati
527 939 586 978 sunt.
612 931 687 977 Nemo
698 931 725 976 de
743 932 852 978 Sardana-

187 995 495 1058 palifarrriliarihusloquiturt
507 995 600 1044 Orestes
608 994 692 1056 Pylade
697 1009 765 1056 paene
773 997 852 1050 amica,

188 1075 254 1122 quam
267 1061 438 1124 Agamemnone
447 1068 517 1124 patre,
529 1061 603 1107 actim
613 1067 660 1107 est:
678 1060 788 1120 siquidem
804 1061 854 1106 illo-

188 1139 238 1172 rum
256 1127 351 1173 amicitia
367 1127 391 1172 in
410 1127 551 1172 consortione
570 1126 695 1172 deliciarum
713 1131 737 1170 et
757 1125 853 1172 luxurie

186 1192 301 1237 contabuit
306 1207 314 1248 ;
327 1192 414 1244 horum,
427 1191 488 1237 duras
499 1199 566 1251 atque
576 1205 659 1252 aspere
669 1189 805 1236 conditionis
818 1207 854 1236 sn·

186 1253 272 1309 latium,
282 1256 378 1318 ipsarum
387 1255 524 1302 miseriarum
532 1257 682 1316 experimento
693 1255 782 1300 enituit.
810 1255 854 1302 Sed

187 1319 241 1378 quid
251 1327 343 1366 externa
350 1321 444 1383 attingo,
457 1335 508 1366 cum
519 1320 644 1366 domesticis
654 1319 714 1382 prius
723 1319 792 1366 liceat
803 1319 855 1365 uti?

220 1382 269 1445 (1.)
287 1382 394 1430 Inimicus
409 1385 487 1447 patriae
503 1383 572 1430 fuisse
587 1384 624 1431 Ti.
642 1383 761 1431 Gracchus
774 1384 854 1430 existi-

185 1454 259 1493 matus
270 1454 312 1501 est,
329 1450 500 1502 necimmerito,
512 1450 563 1510 quia
572 1449 694 1511 potentiam
709 1461 774 1494 suam
786 1449 852 1494 saluti

185 1511 234 1573 ejus
249 1513 384 1572 praetulerat.
413 1514 488 1568 Quam
503 1514 624 1560 constantis
639 1520 713 1560 tamen
726 1511 781 1559 [idei
794 1515 853 1559 emi-

185 1590 244 1628 cum,
257 1577 324 1621 etiam
335 1577 358 1622 in
369 1579 412 1623 hoc
423 1587 469 1625 tam
483 1594 552 1640 pravo
565 1579 685 1640 proposito,
702 1575 730 1625 C.
745 1576 851 1623 Blosium

187 1639 314 1688 Cumanum
329 1642 435 1695 habuerit,
454 1659 528 1704 operae
544 1643 638 1705 pretium
653 1641 689 1690 'est
706 1655 853 1702 cognoscere.
899 1651 900 1684 3

113 1713 115 1718 '
186 1704 268 1752 Hostis
274 1706 394 1768 judicatus,
407 1707 486 1754 ultimo
497 1707 604 1769 supplicio
614 1705 713 1760 affectus,
729 1707 852 1768 sepulture

185 1772 273 1818 honore
281 1772 394 1833 spoliatus,
405 1771 561 1818 benevolentia
570 1779 646 1818 tamea
653 1773 701 1834 ejus
711 1785 758 1816 non
770 1772 848 1817 aarum

165 1843 168 1847 '
186 1835 255 1890 Nam,
280 1852 331 1883 curn
354 1845 443 1884 senatus
462 1837 553 1899 Rupilio
572 1843 595 1883 et
615 1836 703 1883 Laenati
722 1836 852 1882 consulibus

185 1899 319 1956 mnnddsset,
332 1903 389 1949 utin
397 1914 443 1955 eos,
455 1901 555 1962 quicum
568 1902 672 1949 Graccho
683 1909 851 1953 consenserant,

184 1981 247 2014 more
257 1969 365 2030 majorum
377 1967 592 2024 animadverterent3
603 1973 627 2013 et
635 1966 662 2014 sd
671 1964 777 2018 Laelium,
787 1966 852 2026 cujus

184 2032 277 2078 consilio
288 2033 399 2095 praecipue
409 2033 512 2080 consules
522 2033 647 2085 utebantur,
663 2045 705 2094 pro
720 2045 743 2077 se
758 2030 853 2078 Blosius

183 2097 324 2158 deprecatum
332 2098 437 2150 venisset,
446 2096 643 2158 familiaritatisque
650 2095 795 2143 excusatione
803 2101 854 2142 ute-

183 2169 252 2213 retur,
264 2169 331 2222 atque
341 2163 360 2208 ir
371 2163 470 2216 dixisset,
485 2169 500 2192 “
510 2161 599 2216 Quidni
609 2170 632 2208 te
641 2161 758 2209 Gracchus
766 2159 853 2222 oemplc

182 2223 249 2270 Jovis
260 2225 346 2286 Optimi
357 2227 454 2274 Maximi
468 2226 529 2274 laces
544 2227 637 2273 subdere
645 2224 768 2289 jussisset?
786 2226 852 2272 ohse-

182 2294 304 2334 cuturusne
313 2291 423 2337 voluntati
433 2289 499 2346 illius,
510 2297 602 2354 propter
611 2293 684 2345 istam,
696 2305 763 2352 quam
779 2291 854 2353 μω

181 2345 359 2406 familiaritatem,
371 2354 486 2403 fuisses?¹‘
505 2355 653 2418 “Nunquam
667 2353 751 2408 istud,”
769 2353 852 2414 inquit,

182 2415 198 2437 ⁴·
209 2407 325 2482 Gracchus
334 2417 490 2477 imperisset’'
509 2421 575 2474 Satis,
585 2421 655 2467 immo
663 2421 729 2467 etiam
738 2419 849 2466 nimium:

181 2477 251 2515 tonus
262 2483 357 2536 namque
368 2485 458 2530 senatus
469 2496 580 2532 consensu
591 2485 707 2532 damnatos
721 2499 798 2530 meres
813 2482 852 2528 de-

180 2531 271 2606 fendere
281 2549 348 2586 ausus
357 2551 398 2589 est.
416 2547 503 2594 Verum
514 2550 574 2610 quod
583 2551 689 2611 sequitur,
698 2549 772 2595 multo
783 2547 854 2595 aud!-

180 2606 234 2662 01115»
253 2599 368 2672 multoque
384 2609 536 2665 periculosius.
563 2613 713 2677 Compressas
727 2613 789 2660 erim
801 2625 854 2674 pen-

181 2666 290 2706 ffliflfflssit
307 2663 482 2728 interrogatione
494 2676 567 2734 Lrelii,
581 2680 605 2726 in
622 2681 701 2728 ecdem
716 2676 853 2726 constentit
