1828 2982
168 145 246 201 VAI.
258 146 397 204 Msslllss
412 149 466 202 In·
480 149 540 200 v11.
559 150 619 204 Cas.
632 158 656 202 2
697 159 746 206 969

64 283 131 345 sperit,
149 282 587 344 ⁴⁴axlrisquostuieiioesnstimaa3
607 283 744 334 sederatis

63 349 111 395 illo
124 361 218 395 numero
229 347 332 410 reperies,
343 348 382 408 qui
391 363 403 394 a
411 354 435 394 te
442 361 471 394 ex
481 348 567 396 miseris
578 356 679 396 constare
693 366 743 398 cre·

65 411 161 460 ditsrr.”
190 412 246 459 Non
257 413 299 460 erit
308 413 345 459 ille
356 412 438 459 divitiis
448 419 472 460 et
481 414 602 462 honoribus
612 416 741 476 chundonis

65 478 113 525 aed
132 484 172 524 aut
189 477 267 539 em'gtri
284 477 350 530 ruris,
370 485 473 524 autnon
492 479 614 526 ambitiosae
633 480 741 528 doctrinm

63 541 145 589 tidelis
157 557 184 588 ac
197 543 301 604 pertinax
314 542 394 597 cultor,
410 542 434 588 in
449 557 538 590 recessu
551 559 616 604 quam
631 545 655 590 in
664 543 740 592 fronte

61 607 165 654 banos

101 669 167 734 (18.)
179 669 288 718 Demadis
296 686 384 732 qnoque
393 671 477 719 dictum
489 672 583 734 sapiens.
601 672 737 722 Nolentibus

63 737 132 784 usim
148 737 323 784 Atheniensibus
337 737 424 784 divinos
439 738 535 784 honores
551 737 680 784 Alexandro
697 739 738 785 da-

63 815 170 854 ces-nere,
190 807 205 830 ‘¹
215 799 323 854 Videte,”
339 802 418 862 inquit,
437 808 456 848 “r
464 816 500 857 ne,
518 802 572 848 dum
588 803 671 850 coelum
686 819 738 850 cus-

61 866 154 918 sedus
166 872 248 912 taram
257 865 388 912 amittatia.”

98 927 165 994 (14.)
184 929 258 983 Quam
272 945 339 992 porro
350 930 458 978 subtiliter
469 930 604 978 Anacharsis
614 931 676 993 leges
687 925 737 979 aru·¹

58 1009 160 1044 aearum
169 995 218 1042 telis
226 996 379 1057 comparabat:
393 1011 452 1049 nam,
465 1003 490 1042 ut
500 996 549 1042 illas
560 995 736 1043 infirmioraaui-

59 1060 136 1108 maiia
145 1059 247 1113 retinere,
259 1060 381 1107 valentiora
389 1061 546 1114 transmittere,
558 1061 591 1106 ita
598 1060 632 1106 bis
640 1061 735 1108 humiles

60 1133 87 1173 et
98 1139 210 1187 pauperes
220 1125 351 1187 constringi,
363 1125 443 1173 divites
453 1133 477 1172 et
486 1131 636 1188 praepotentes
646 1139 692 1171 non
703 1125 736 1172 al-

77 1203 167 1318 glib.)
184 1235 324 1301 runu‘mam
336 1254 436 1316 agenn
446 1253 507 1301 noo
518 1253 650 1315 oponsius:
665 1254 734 1316 siqui-

59 1321 118 1368 dem
138 1333 190 1365 cum
208 1319 314 1365 adversm
332 1319 490 1381 rempublicam
509 1317 732 1367 lacedaemoniorum

58 1383 253 1446 conspirationem
268 1379 423 1430 ortmn‘noctn
438 1384 589 1445 comperisset,
604 1383 668 1446 leges
683 1383 733 1446 Ly-

58 1449 130 1510 curgi
144 1447 251 1494 continuo
265 1447 387 1509 abrogavit,
404 1461 455 1508 quae
466 1449 493 1494 de
504 1448 635 1495 indemnatis
650 1449 734 1511 suppli-

57 1515 125 1562 cium
140 1511 198 1558 sumi
212 1512 323 1558 vetabant.
347 1510 521 1575 Comprehensis
536 1519 610 1560 autem
625 1519 648 1560 et
663 1515 732 1561 inter-

55 1579 129 1626 iectis
147 1576 253 1630 sontibus,
272 1576 360 1623 easdem
378 1592 391 1623 e
407 1577 504 1640 vesu'gio
522 1577 625 1624 restituit.
655 1578 733 1640 Atque

58 1651 193 1702 utrumque
201 1641 267 1687 simtrl
283 1641 386 1704 providit,
403 1657 432 1689 ne
449 1643 551 1690 salutaris
569 1643 731 1692 animadversio

58 1707 101 1756 vet
117 1708 201 1768 inJ'usta
216 1712 283 1760 esset,
302 1706 403 1767 vel'jnre
420 1707 569 1768 impediretur.
599 1706 686 1769 Itaque,
705 1715 731 1756 ut

58 1787 152 1833 smper
162 1785 212 1817 esse
221 1777 320 1832 possent,
331 1771 449 1831 aliquando
460 1785 506 1817 non
515 1771 614 1817 iuemnt.

95 1833 162 1900 (16.)
187 1835 232 1883 Sed
253 1835 329 1883 nasio
347 1850 376 1882 an
396 1833 518 1882 Hannonis
536 1835 729 1884 excellentissime

55 1901 185 1968 pudentia
193 1901 317 1947 consilium.
333 1899 437 1961 Magone
444 1899 504 1948 enim
514 1897 731 1962 Cannensispugnae

57 1968 148 2016 exitum
163 1966 249 2012 senatui
260 1964 385 2011 Poenorum
396 1966 520 2018 nuntiante,
531 1964 599 2024 inque
610 1965 666 2011 tanti
677 1981 729 2012 suo·
820 1997 824 2004 s

56 2031 139 2080 mne
151 2029 218 2078 iidem
228 2030 323 2078 annulos
333 2045 412 2078 aureos
423 2031 490 2076 trium
500 2029 626 2075 modiorum
637 2044 729 2076 mensu-

57 2112 108 2146 ram
119 2095 234 2156 explentes
244 2095 359 2149 fundente,
371 2096 409 2156 qni
420 2094 542 2142 interiectis
552 2094 634 2140 nostris
643 2094 728 2142 civibus

56 2160 153 2210 detracti
164 2166 234 2214 erant,
250 2160 353 2221 qnaesivit
364 2175 392 2207 an
406 2161 485 2222 aliquis
495 2159 606 2207 sociorum
617 2166 669 2220 post
679 2166 729 2206 tan-

55 2235 106 2276 tam
120 2224 206 2271 cladem
220 2239 234 2271 a
248 2225 358 2272 Romanis
372 2225 502 2273 defecisset:
522 2231 595 2284 atque,
608 2230 633 2270 ut
643 2223 729 2270 audivit

56 2291 172 2340 nminem
183 2289 211 2336 ad
222 2288 372 2337 Hannibalem
383 2288 580 2345 transisse,'suasit
589 2289 691 2350 protinus
702 2291 728 2336 ut

57 2357 129 2419 legati
140 2353 245 2408 Romam,
261 2371 301 2416 per
314 2370 371 2416 quos
386 2355 413 2402 de
423 2371 478 2418 pace
488 2361 598 2416 ageretur,
611 2353 727 2400 mitteren-

55 2429 103 2470 tur.
124 2416 196 2482 cujus
210 2419 229 2466 si
242 2421 352 2467 sententia
362 2421 475 2474 valuisset,
487 2435 560 2480 neque
570 2418 668 2466 soeundc
680 2417 728 2464 Pu-

56 2487 111 2535 nico
120 2485 181 2532 bello
190 2484 251 2531 victa
261 2483 385 2548 Carthago,
397 2501 470 2546 neque
480 2485 546 2532 tertio
557 2484 629 2531 deleta
638 2481 704 2530 foret

91 2546 158 2616 (1⁷.)
176 2548 215 2596 Ne
231 2549 344 2598 Samnites
359 2549 448 2611 quidem
463 2563 544 2612 parvas
557 2563 636 2611 poeuas
652 2547 727 2596 consi-

55 2617 119 2664 milis
127 2614 210 2662 moria
216 2615 377 2677 pependensnt,
388 2615 449 2676 quod
460 2613 572 2662 Herennii
583 2613 660 2661 Pontii
668 2613 727 2662 salu-

55 2693 106 2730 tare
120 2677 237 2728 ossillum
253 2680 415 2742 neglexeram
432 2679 478 2741 qui,
494 2679 726 2743 sonoritate-etpra-
