1842 2992
204 183 236 228 68
306 178 384 228 VAL·
398 177 535 230 Msxlnss
552 177 605 228 Lm
620 179 655 230 11.
673 177 767 230 Cam

201 309 379 356 incolumitatem
395 309 484 356 fortiter
499 311 563 364 tueri,
579 317 603 358 et
616 309 683 358 iidem
698 309 801 360 smidtite
814 321 871 356 eoa·

202 381 287 422 stanter
297 375 446 436 praestandam
457 370 624 422 arbitrabantur.

236 436 301 501 (12.)
318 438 422 486 'I'brsciae
432 455 486 486 vero
496 440 533 486 illa
544 441 604 488 natio
615 440 697 487 merito
708 441 747 487 sibi
755 439 869 501 sapientise

201 504 290 550 laudem
301 504 453 557 vindicaverit,
469 520 520 565 quae
535 506 619 552 natales
632 506 747 551 bominum
757 504 866 558 flebiliter,

200 569 317 628 exsequias
325 583 376 615 curm
383 570 499 622 hilaritate,
509 570 611 616 celebrat.
631 570 685 616 Siue
693 571 743 616 ullis
750 569 867 616 doctorum

199 634 324 696 praeceptis,
334 649 411 680 verum
420 634 554 680 conditionis
562 641 646 680 nostrae
657 635 754 681 habitum
762 634 864 696 pervidit·

199 699 354 745 Removeatur
367 700 442 758 itaque
452 699 558 746 naturalis
568 699 668 746 omnium
679 699 805 746 animalium
816 698 867 745 dul-

198 763 254 810 cedo
265 764 325 816 vitae,
338 779 389 823 quae
399 764 470 810 multa
480 773 503 810 et
510 763 583 812 facere
593 772 617 810 et
627 763 672 824 pati
683 765 777 826 turpiter
788 763 848 824 cogit
854 779 863 818 ;

160 865 161 868 η
198 829 225 882 si,
243 825 269 874 ei
285 826 380 882 mortui,
396 830 444 892 ejus
458 829 571 889 aliquanto
585 828 671 876 felicior
685 844 711 876 ac
720 829 804 876 beatior
814 827 865 874 fluis

259 894 323 940 'etun

195 909 294 1024 Ἣ.)
308 958 420 1013 Quocirca
430 963 491 1005 recte
502 956 575 1018 Lycii,
588 973 640 1004 eum
650 958 678 1004 iis
688 959 762 1004 luctus
777 956 862 1012 incidit,

195 1025 326 1072 muliebrem
344 1031 431 1071 vestem
450 1023 559 1080 induunt;
580 1030 612 1076 ut,
630 1023 770 1070 deformitate
788 1023 862 1070 cultis

194 1091 309 1145 commoti,
328 1089 437 1136 maturius
453 1087 546 1136 stultum
562 1088 670 1151 projicere
685 1103 805 1135 moerorem
821 1103 861 1136 ve-

191 1155 242 1202 lint.

225 1217 291 1283 (14.)
308 1217 396 1266 Verum
411 1217 464 1279 quid
478 1233 522 1278 ego
536 1216 671 1264 fortissimos
684 1217 762 1264 hocin
776 1233 860 1280 genere

191 1285 316 1348 prudentiae
330 1284 391 1330 viros
405 1282 510 1328 laudem?
526 1281 685 1344 Respiciantur
700 1281 808 1329 indorum
824 1282 858 1328 ie-

190 1351 266 1402 minae,
284 1363 336 1408 quae
346 1362 397 1393 curn
409 1361 472 1392 more
481 1347 554 1408 patrio
565 1347 690 1409 complures
700 1347 771 1394 eidem
780 1354 857 1409 nuptae

189 1429 239 1461 ease
248 1413 341 1465 soleant,
350 1419 441 1458 mortuo
451 1411 538 1466 merito,
551 1412 574 1457 in
585 1419 697 1459 certamen
702 1413 858 1474 judiciumque

187 1475 290 1530 veniunt,
301 1491 368 1536 quam
379 1475 442 1522 exiis
450 1476 548 1524 maxime
558 1476 666 1524 dilexerit.
691 1475 787 1531 Victrix,
799 1492 856 1540 gau-
902 1479 903 1489 ¹

187 1543 225 1590 dio
236 1541 358 1594 exsrrltsns,
375 1540 512 1602 deductaque
522 1557 536 1589 a
546 1542 675 1589 necessariis
685 1542 762 1588 laetum
775 1542 855 1604 praefe·
901 1543 902 1547 ’

185 1607 286 1654 rentibus
302 1605 397 1659 vadium,
415 1606 517 1668 conjugis
535 1621 560 1654 se
577 1605 674 1654 flammis
691 1607 815 1670 superjacit,
832 1613 854 1654 et

186 1688 239 1720 cum
250 1687 278 1717 eo
288 1677 403 1730 tamquam
409 1669 536 1718 felicissima
544 1679 667 1719 crematur:
682 1673 791 1733 sup'erstae
802 1687 853 1718 cum

182 1734 274 1785 tristitii
281 1743 304 1782 et
315 1750 413 1782 moerore
420 1735 442 1782 in
453 1733 501 1783 vita
511 1743 634 1782 remanent.
653 1735 763 1784 Protrahe
772 1737 796 1782 in
805 1752 853 1785 me·

182 1803 243 1850 dium
253 1799 389 1849 Cimbricam
397 1801 523 1858 audaciam
532 1800 602 1863 sdjice
609 1799 764 1849 Celtibericam
770 1801 850 1860 fidum

175 1869 250 1932 junge
258 1867 381 1914 animosam
391 1865 496 1912 Thrsciae
507 1865 651 1927 sapientiam
663 1873 758 1913 annecte
766 1864 851 1928 Lycio-
895 1879 896 1885 ¹

180 1949 230 1980 rum
238 1933 262 1978 in
272 1933 369 1979 luctibus
379 1930 506 1992 objiciendis
513 1929 591 1978 csllide
599 1932 716 1992 quaesitam
724 1932 848 1980 rationem:
893 1927 895 1997 J

178 1997 260 2046 Indico
270 2004 346 2044 tamen
357 2011 414 2058 rogo
425 1995 480 2042 nihil
490 2010 568 2041 eorum
575 1995 687 2057 praeferes,
697 2011 765 2056 quem
773 1999 849 2044 suxeris
892 2023 893 2053 p

177 2065 255 2128 pietas,
267 2063 292 2108 in
306 2061 399 2108 modum
413 2059 508 2122 genialis
519 2060 570 2114 tori,
581 2061 713 2122 propinque
723 2062 803 2108 mortis
815 2078 850 2110 se·
891 2071 892 2111 l

179 2145 233 2176 curs
244 2125 382 2174 conscendit.

212 2190 277 2258 (15.)
296 2189 343 2239 Cui
359 2187 447 2252 glorios,
465 2187 601 2236 Punicarum
619 2187 760 2242 feminarum,
778 2197 804 2238 ut
820 2205 848 2238 ex
888 2177 890 2230 i

143 2301 145 2305 ,
178 2256 343 2320 comparatione
359 2255 447 2317 turpius
463 2260 574 2316 appareat,
592 2253 688 2300 dedecus
707 2250 845 2304 subuectant.
886 2231 889 2336 i

178 2323 251 2370 Siccae
262 2321 322 2367 enim
337 2318 415 2366 fanum
429 2325 465 2366 est
476 2315 580 2372 Veneris,
594 2319 618 2364 in
628 2319 689 2380 quod
701 2333 726 2366 se
735 2327 846 2368 mausum
886 2339 887 2393 p

176 2385 326 2436 conferebsnt,
351 2390 417 2444 atque
438 2383 491 2431 inde
510 2383 657 2445 procedentes
678 2384 707 2431 sd
724 2392 844 2446 questum,

175 2451 239 2497 dotes
254 2447 353 2509 corporis
365 2446 446 2510 injurii
456 2449 622 2502 contrahebant,
635 2449 729 2497 honesto
738 2451 844 2498 nimirum

175 2522 222 2562 tarn
233 2513 352 2559 inhonesto
363 2513 454 2560 vinculo
465 2513 570 2576 conjugis
576 2515 697 2576 juncturae.

207 2574 273 2642 (16.)
291 2576 353 2624 Nam
364 2575 484 2624 Persarum
499 2578 619 2626 admodum
632 2578 743 2642 probabile
751 2579 843 2629 institu-

173 2651 222 2692 tum
238 2641 289 2700 luit,
306 2641 368 2716 quod
381 2641 462 2692 liberos
477 2658 531 2694 suos
545 2657 592 2694 non
608 2643 670 2708 prius
685 2643 841 2708 sdspiciebem
