1820 2982
155 159 234 212 vlt.
247 161 386 212 MAXIMI
401 160 454 210 Lis.
468 159 513 210 Ν.
533 160 593 212 Ces.
604 165 628 210 8.
677 162 730 211 ltb'

98 286 190 352 Magni
203 288 264 346 ouri,
279 291 436 353 precipuoque
450 290 524 337 sudio
538 287 678 336 referendum
693 297 735 344 est,

68 362 206 417 quantopere
215 355 311 403 libidinis
321 362 345 402 et
355 355 454 403 araritiae
463 354 534 402 lineri
545 353 628 401 similes
640 354 738 417 impetus

67 419 95 466 ab
109 419 230 466 illustrium
244 420 343 467 virorum
357 420 483 482 pectoribus
499 418 592 466 consilio
608 433 634 466 ae
650 419 737 466 ratione

68 484 167 530 submoti
182 484 240 531 sint:
259 484 311 546 quia
325 485 414 531 demum
429 484 445 530 ii
460 491 558 546 penates,
570 498 597 532 ea
611 483 696 538 eivitss,
713 483 736 530 id

68 563 167 609 regnum
179 555 263 595 eterno
273 550 297 594 in
307 548 378 610 gredu
388 548 453 595 facile
464 549 557 602 steterit,
569 549 605 594 ubi
618 549 736 595 minimum

68 613 152 658 virium
164 612 261 660 Veneris
274 614 419 675 pecuniaeque
432 614 512 674 cupido
527 613 567 658 sibi
581 613 734 660 vindicaverit.

69 675 134 722 Nem
145 692 189 737 quo
200 677 251 724 istae
264 678 353 739 generis
368 677 459 723 humani
473 677 602 724 certissime
612 685 687 739 pestes
697 693 738 740 pe·

69 742 216 794 netsaverint,
236 742 265 788 ibi
284 742 364 804 injuria
382 742 514 794 dominatur,
537 741 628 788 infamis
645 741 735 804 flagrat·

46 817 51 824 ’
71 803 161 856 Qubus
179 806 269 868 longius
287 806 376 861 relictis,
399 807 522 854 commanos
540 814 587 854 tam
605 805 659 852 diris
677 807 738 854 vitiis

70 883 146 916 mores
157 885 364 918 commemoremus.

102 931 154 996 (1.)
170 933 282 988 Quartum
294 943 317 981 et
327 935 457 982 vicesimum
470 949 553 982 annum
568 948 639 997 agens
654 933 737 996 Scipio,

69 1011 131 1051 eum,
143 999 167 1044 in
179 997 290 1062 Hispaniis
301 997 438 1062 Carthagine
449 997 560 1062 oppressi,
576 998 666 1060 majoris
681 997 739 1046 Car-

69 1062 169 1124 uaginis
184 1063 297 1125 espiendae
311 1064 428 1110 sumsisset
440 1064 544 1124 suspicis,
560 1063 687 1122 multosque
699 1063 740 1109 ob-

70 1127 138 1180 sides,
158 1143 215 1188 quos
229 1127 254 1174 in
270 1125 297 1175 ei
312 1129 366 1176 urbe
382 1127 450 1175 Poeni
466 1127 554 1174 clausos
570 1127 698 1179 habuerant,
715 1126 739 1174 iu

69 1205 135 1238 susm
146 1198 279 1252 potestatem
290 1193 419 1254 redegisset,
431 1191 521 1238 eximias
533 1191 593 1238 inter
606 1205 645 1237 eos
660 1189 740 1238 lormae

67 1255 190 1318 virginem,
200 1256 272 1303 aetatis
280 1257 369 1311 edultae,
379 1264 403 1302 et
409 1257 499 1318 juvenis
507 1262 531 1302 et
538 1255 620 1302 eoelebs
628 1261 652 1302 et
658 1254 739 1310 vietor,

67 1328 190 1382 postquem
199 1323 306 1382 comperit
313 1321 393 1366 illustri
400 1321 451 1366 loo'o
459 1320 517 1366 inter
524 1317 649 1368 Celtiberos
655 1325 738 1374 natam,

69 1385 253 1446 nobilissimoque
266 1385 341 1447 gentis
355 1385 403 1446 ejus
418 1382 506 1430 Indibili
522 1384 685 1446 desponsatam,
704 1399 740 1431 ar-

70 1451 159 1498 oessitis
169 1449 296 1511 parentibus
306 1455 330 1494 et
341 1462 422 1509 sponso
433 1448 561 1495 inviolatam
572 1448 668 1496 tradidit
688 1448 740 1495 Au-

70 1531 122 1562 rum
142 1529 239 1575 quoque,
260 1512 319 1573 quod
334 1527 375 1573 pro
394 1512 531 1560 redemtione
549 1513 629 1574 puellae
647 1513 739 1560 allatum

69 1587 127 1632 emt,
140 1593 235 1625 summae
246 1577 304 1623 dotis
314 1576 400 1638 adjecit.
418 1575 470 1630 Qut
481 1576 618 1624 continentiis
628 1593 654 1625 sc
665 1579 740 1624 muni-

68 1641 162 1691 ficentiis
172 1639 272 1703 Indibilis
283 1641 399 1702 obligatus,
413 1639 576 1689 Celtiberorum
588 1643 675 1688 animos
689 1642 740 1689 Ro·

69 1707 146 1756 mauis
161 1705 297 1770 applicando,
318 1704 402 1752 meritis
417 1706 466 1768 ejus
481 1706 577 1753 debitam
592 1707 687 1770 gretiam
704 1722 740 1754 re·

104 1833 156 1900 (2.)
168 1834 263 1890 Verum,
275 1844 301 1884 ut
310 1836 376 1898 huJus
383 1835 426 1882 viri
434 1833 574 1880 abstinentie
581 1833 645 1880 testis
654 1833 740 1896 Hispe-

70 1903 117 1956 nis,
130 1902 162 1947 its
172 1899 209 1946 M.
219 1899 313 1949 Catonis
321 1899 410 1962 Epiros,
424 1898 517 1951 Achaia,
531 1895 642 1958 Cyclades
652 1897 740 1953 insulse,

70 1966 185 2014 maritima
198 1979 250 2026 pers
264 1965 335 2019 Asiae,
350 1963 465 2027 provincia
481 1960 578 2024 Cypros·
606 1960 675 2008 Unde
688 1977 741 2008 eum

69 2030 175 2094 pecuniae
183 2029 325 2092 deportem
332 2029 480 2076 ministerium
488 2026 614 2079 sustineret,
623 2031 670 2072 tam
678 2041 743 2072 sver-

71 2109 126 2142 sum
140 2095 239 2141 animum
253 2096 280 2142 sb
295 2095 356 2140 omni
370 2093 461 2140 Venere
475 2106 541 2153 quam
555 2091 644 2138 sluoro
657 2089 742 2144 habuit,

70 2161 97 2207 in
107 2155 207 2206 maxims
220 2159 335 2220 utriusque
344 2157 521 2219 intemperantiae
531 2164 633 2204 versutus
643 2152 743 2202 misterii.

70 2223 137 2273 Nem
147 2230 171 2270 et
185 2223 254 2286 regies
264 2223 348 2270 divitie
357 2229 468 2285 potestate
481 2221 551 2284 ipsius
565 2219 742 2275 continebsutur,

70 2296 96 2337 et
111 2287 255 2335 fertilissimae
269 2288 396 2335 deliciarum
411 2293 446 2333 tot
461 2286 559 2334 Graeeiae
574 2285 647 2339 urbes,
664 2299 742 2331 neees-

70 2353 131 2400 saria
146 2353 215 2400 totius
229 2352 378 2416 mvigationis
392 2351 522 2399 diverticula
536 2357 607 2398 erant.
629 2348 706 2411 Atque
719 2349 743 2395 id
772 2403 775 2408 ¹

71 2417 195 2466 Munatius
205 2416 288 2472 Rufus,
301 2416 419 2479 Cypriacae
433 2416 580 2479 expeditionis
590 2414 647 2462 fidus
659 2429 741 2467 eomes,

72 2482 163 2542 seriptis
174 2481 220 2528 suis
234 2481 351 2545 significet.
380 2479 452 2546 Cujus
466 2481 618 2528 testimonium
633 2493 679 2525 non
694 2493 743 2525 sm-

70 2547 173 2610 plestor:
195 2547 285 2609 proprio
301 2546 360 2594 enim
377 2553 510 2610 argumento
526 2546 575 2592 laus
590 2545 634 2592 iste
649 2543 741 2598 nititur;

70 2610 219 2724 ηυοηίιῐηοιεκ
229 2612 309 2660 eodem
322 2618 409 2660 neturae
423 2618 488 2659 utero
502 2617 525 2658 et
539 2608 677 2658 continentis
690 2613 743 2653 nats

74 2683 119 2730 est,
132 2681 156 2722 et
202 2683 232 2722 to.
