1820 2982
195 153 241 203 isa
290 157 367 208 VAL.
381 155 517 208 MAXIMI
534 157 586 206 Ln-
599 155 644 206 lv.
664 155 724 208 Car.
737 163 758 208 l.

195 285 264 333 tons:
284 287 380 334 sedistis
394 287 506 336 cunctatio
520 287 589 351 louge
603 287 757 336 admirabilior·
781 289 858 336 Multo
897 341 898 344 Ἰ

194 349 254 396 enim
265 352 381 412 multoque
392 352 487 414 seipsum
503 367 570 413 quam
584 353 672 399 hostem
690 369 794 416 superare
808 371 859 417 ope-
897 387 898 408 ,

194 416 267 462 rosius
282 422 323 470 eat,
336 431 377 462 nec
388 416 481 464 adversa
495 415 635 479 praeproperi
648 417 789 464 festinatione
799 417 858 482 iugi-
897 465 898 474 ,

195 487 277 532 entem,
290 493 332 526 nec
343 481 439 528 secunde
449 480 519 528 effuso
529 480 611 542 gaudio
618 482 824 544 apprehendent..

228 540 277 606 (8.)
290 543 335 593 Par
342 543 412 591 Furio
420 546 570 604 moderatione
579 545 680 592 Marcius
688 547 785 594 Rutilius
798 547 857 596 ces-
897 559 898 612 i

196 609 290 654 surinus.
314 607 399 656 Iterum
412 611 471 656 enim
486 625 565 656 censor
578 617 671 664 creatus,
687 611 715 656 ad
729 613 856 658 concionem

195 673 303 734 populum
319 682 423 720 vocatum
443 689 509 734 quam
525 673 597 735 potuit
613 673 745 736 gravissimi
761 677 858 723 oratione

197 737 309 798 corripuit,
322 739 382 798 quod
391 755 440 786 eam
450 745 583 802 potestatem
594 739 627 784 bis
638 740 678 784 sibi
689 739 811 796 detulispet,
821 755 858 787 cu·

191 802 231 864 jus
241 803 343 863 majores,
355 805 407 864 quia
417 804 482 849 nimis
493 817 574 864 magna
584 803 702 857 uideretur,
718 811 806 866 tempus
820 821 856 851 ro-
897 811 898 818 ’

195 867 325 912 arctandum
332 866 475 930 judicissent.
496 866 598 927 Uterque
606 874 672 921 recte,
682 875 705 914 et
714 867 856 922 Censorinus,

197 937 221 978 et
230 931 339 992 populus:
359 933 414 996 alter
424 932 491 985 enim,
506 939 532 982 ut
546 932 660 978 moderate
674 933 769 980 honores
783 935 858 982 credo·

197 1002 254 1049 rent,
283 998 386 1060 raeoepit3
402 997 457 1044 alter
468 1012 492 1042 ae
502 996 616 1042 moderato
627 997 725 1044 eredidit.

200 1083 203 1088 ·
230 1012 281 1122 (4.)
291 1061 350 1122 Age,
364 1059 393 1107 1„
405 1059 511 1114 Quintius
523 1058 670 1108 Cincinnatus
680 1061 767 1122 qualem
777 1077 856 1108 oonsu-

195 1126 241 1172 lem
252 1127 338 1188 gessit?
353 1141 404 1172 eum
415 1127 523 1173 honorem
534 1126 581 1186 eJ'us
592 1123 672 1172 Patres
679 1127 798 1188 conscripti
806 1142 858 1174 cou-

196 1191 283 1236 tinuare
291 1191 382 1244 vellent,
391 1205 437 1236 non
446 1190 517 1236 solum
525 1195 615 1250 propter
622 1190 680 1236 iilius
688 1191 778 1252 egregia
786 1207 857 1254 opera,

197 1255 237 1301 sed
247 1255 313 1302 etiarn
324 1255 384 1316 quod
393 1255 488 1317 populus
498 1254 587 1300 eosdem
595 1255 696 1308 tribunos
703 1255 726 1300 in
734 1256 858 1318 proximum

179 1323 182 1333 '
197 1334 281 1366 annum
296 1335 372 1366 creare
386 1321 512 1372 conabatur,
528 1333 623 1380 quorum
638 1327 740 1366 neutrum
751 1321 804 1381 jure
813 1321 858 1368 fieri

196 1389 298 1446 poterat3
318 1391 437 1444 utrumque
452 1383 561 1436 discussit,
580 1384 670 1430 senatis
683 1384 750 1430 simui
764 1385 858 1432 studium

196 1447 323 1500 inhibendo,
346 1455 370 1494 et
390 1448 490 1494 tribunos
511 1448 651 1495 verecundiae
669 1464 717 1496 suae
734 1450 857 1510 exemplum

198 1511 261 1570 sequi
272 1512 381 1572 cogendo.
405 1509 442 1557 Ita
456 1527 514 1558 unus
529 1527 595 1558 causa
607 1511 657 1566 fuit,
673 1520 699 1558 ut
713 1514 859 1576 amplissimus

195 1575 253 1620 ordo
263 1575 401 1637 populusque
411 1583 472 1622 tutus
483 1584 542 1624 esaei
555 1577 583 1622 ab
594 1576 671 1640 injusti
680 1577 732 1624 iacti
744 1579 859 1640 reprehen-

193 1653 267 1685 sione.
303 1665 306 1674 ·
422 1665 424 1670 ,

186 1721 189 1729 ·
229 1701 279 1768 (5.)
292 1703 374 1751 Fabius
384 1719 439 1751 vero
450 1703 572 1758 Maximus,
585 1720 635 1752 oum
647 1721 695 1752 ase
705 1706 828 1766 quinquies,
838 1713 860 1752 et

197 1775 290 1830 apatre,
302 1785 352 1822 svo,
363 1785 455 1831 proavo,
471 1770 632 1832 majoribusque
645 1771 698 1824 suis,
710 1785 859 1833 saepenumero

196 1835 336 1881 consulatum
351 1841 440 1897 gestum
457 1834 649 1888 animadverteret,
665 1835 767 1890 comitiis,
783 1836 859 1896 quibus

197 1899 256 1946 iilius
274 1901 323 1962 ejus
338 1915 427 1946 summo
440 1913 550 1946 consensu
567 1900 646 1946 consui
660 1899 779 1953 creabatur,
796 1913 858 1961 quam

196 1966 271 2028 potuit
289 1971 417 2011 constanter
435 1979 485 2010 cum
504 1963 587 2024 populo
605 1965 659 2026 egit,
679 1971 705 2010 ut
723 1964 858 2011 suessionen

197 2030 315 2093 aliquando
333 2029 399 2092 hujus
414 2027 511 2074 honoris·
523 2025 599 2074 Fabiae
617 2027 680 2090 genii
698 2028 791 2076 darenta
817 2042 859 2074 nou

197 2095 258 2156 quod
276 2093 315 2140 filii
333 2093 451 2140 virtutibus
470 2091 578 2138 diffideret
597 2092 732 2156 (eratenim
748 2091 857 2152 illustria),

197 2161 238 2208 aed
248 2175 277 2206 ne
287 2158 410 2204 maximum
420 2155 537 2218 imperium
552 2156 575 2202 in
591 2155 636 2204 uni
650 2155 732 2204 familia
747 2159 860 2204 contiuua·

197 2232 267 2272 retur.
296 2222 358 2277 Quid
371 2223 413 2269 hae
429 2221 580 2268 moderatione
596 2221 714 2275 valentius,
732 2228 772 2268 aut
788 2223 860 2272 effica-

196 2287 263 2334 cius?
288 2301 339 2347 quae
357 2287 424 2332 eiiam
442 2285 526 2348 patrios
542 2284 641 2341 effectus,
661 2287 699 2348 qui
715 2284 860 2348 potentissimi

196 2353 313 2403 habentur,
326 2349 454 2412 superavit?

230 2412 279 2477 (6.)
295 2411 350 2459 Non
366 2414 435 2462 defuit
449 2416 569 2478 majonisus
583 2421 648 2478 grata
657 2429 722 2462 mens
732 2415 761 2462 ad
771 2413 860 2478 praemit
897 2427 898 2468 i

196 2477 302 2539 superiori
313 2477 421 2524 Africano
431 2479 566 2528 exsolvenda
572 2496 580 2537 ;
593 2479 700 2541 siquidem
709 2481 808 2526 maxima
814 2481 860 2542 eius
897 2469 898 2534 i

194 2541 273 2588 merita
282 2541 371 2601 paribus
381 2545 518 2591 ornamentis
528 2545 633 2592 decoram
643 2543 717 2592 eonati
727 2553 788 2592 sunt.
812 2543 859 2590 Vo·
897 2551 898 2580 i

193 2607 284 2652 luerunt
294 2603 325 2648 illi
336 2611 420 2651 statuar
430 2608 454 2654 in
465 2609 563 2663 comitio,
575 2610 598 2655 in
609 2608 707 2663 Rostris,
722 2608 746 2655 iu
757 2604 826 2660 curii.
837 2607 858 2652 in
897 2641 898 2646 ,

193 2666 242 2731 ipsi
252 2667 347 2727 denique
357 2666 422 2718 Jovis
433 2671 518 2732 Optimi
531 2673 627 2721 Maximi
638 2669 693 2720 oeili
705 2687 803 2735 ponerer
821 2687 859 2718 vo·
