<?xml version="1.0" encoding="UTF-8"?>
<!DOCTYPE html PUBLIC "-//W3C//DTD XHTML 1.0 Transitional//EN"
    "http://www.w3.org/TR/xhtml1/DTD/xhtml1-transitional.dtd">
<html xmlns="http://www.w3.org/1999/xhtml" xml:lang="en" lang="en">
 <head>
  <title>
</title>
<meta http-equiv="Content-Type" content="text/html;charset=utf-8" />
  <meta name='ocr-system' content='tesseract 3.04.00' />
  <meta name='ocr-capabilities' content='ocr_page ocr_carea ocr_par ocr_line ocrx_word'/>
</head>
<body>
  <div class='ocr_page' id='page_1' title='image "./valeriimaximifa00kappgoog_0212.png"; bbox 0 0 1828 2982; ppageno 0'>
   <div class='ocr_carea' id='block_1_1' title="bbox 172 178 740 236">
    <p class='ocr_par' dir='ltr' id='par_1_1' title="bbox 172 178 740 236">
     <span class='ocr_line' id='line_1_1' title="bbox 172 178 740 236; baseline 0.005 -8"><span class='ocrx_word' id='word_1_1' title='bbox 172 178 402 236; x_wconf 69' lang='lat' dir='ltr'><strong>vsi-,Mtxm</strong></span> <span class='ocrx_word' id='word_1_2' title='bbox 417 179 517 230; x_wconf 70' lang='lat' dir='ltr'><strong>Lmv.</strong></span> <span class='ocrx_word' id='word_1_3' title='bbox 536 178 634 232; x_wconf 65' lang='lat' dir='ltr'><strong>ems.</strong></span> <span class='ocrx_word' id='word_1_4' title='bbox 692 185 740 232; x_wconf 73' lang='lat'><strong>199</strong></span> 
     </span>
    </p>
   </div>
   <div class='ocr_carea' id='block_1_2' title="bbox 62 307 741 503">
    <p class='ocr_par' dir='ltr' id='par_1_2' title="bbox 62 307 741 503">
     <span class='ocr_line' id='line_1_2' title="bbox 62 307 740 374; baseline 0.003 -16"><span class='ocrx_word' id='word_1_5' title='bbox 62 307 153 358; x_wconf 67' lang='lat' dir='ltr'><strong>urium</strong></span> <span class='ocrx_word' id='word_1_6' title='bbox 163 310 239 372; x_wconf 77' lang='lat' dir='ltr'><strong>magis</strong></span> <span class='ocrx_word' id='word_1_7' title='bbox 247 325 315 372; x_wconf 78' lang='lat' dir='ltr'><strong>quum</strong></span> <span class='ocrx_word' id='word_1_8' title='bbox 326 309 452 374; x_wconf 73' lang='lat' dir='ltr'><strong>speoiomo</strong></span> <span class='ocrx_word' id='word_1_9' title='bbox 463 311 523 358; x_wconf 85' lang='lat' dir='ltr'><strong>urbis</strong></span> <span class='ocrx_word' id='word_1_10' title='bbox 533 311 609 359; x_wconf 86' lang='lat' dir='ltr'><strong>locum</strong></span> <span class='ocrx_word' id='word_1_11' title='bbox 619 317 740 360; x_wconf 75' lang='lat' dir='ltr'><strong>comestus</strong></span> 
     </span>
     <span class='ocr_line' id='line_1_3' title="bbox 62 373 741 438; baseline 0.007 -19"><span class='ocrx_word' id='word_1_12' title='bbox 62 373 141 436; x_wconf 89' lang='lat' dir='ltr'><strong>operis</strong></span> <span class='ocrx_word' id='word_1_13' title='bbox 153 376 223 422; x_wconf 89' lang='lat' dir='ltr'><strong>nostri</strong></span> <span class='ocrx_word' id='word_1_14' title='bbox 235 391 368 438; x_wconf 77' lang='lat' dir='ltr'><strong>progressus</strong></span> <span class='ocrx_word' id='word_1_15' title='bbox 378 375 452 424; x_wconf 78' lang='lat' dir='ltr'><strong>luerit.</strong></span> <span class='ocrx_word' id='word_1_16' title='bbox 472 375 543 424; x_wconf 83' lang='lat' dir='ltr'><strong>Nunt</strong></span> <span class='ocrx_word' id='word_1_17' title='bbox 550 377 610 424; x_wconf 88' lang='lat' dir='ltr'><strong>enirn</strong></span> <span class='ocrx_word' id='word_1_18' title='bbox 621 377 741 424; x_wconf 74' lang='lat' dir='ltr'><strong>acerbitate</strong></span> 
     </span>
     <span class='ocr_line' id='line_1_4' title="bbox 62 437 740 503; baseline 0.003 -19"><span class='ocrx_word' id='word_1_19' title='bbox 62 437 173 492; x_wconf 73' lang='lat' dir='ltr'><strong>fortunae,</strong></span> <span class='ocrx_word' id='word_1_20' title='bbox 185 440 252 487; x_wconf 88' lang='lat' dir='ltr'><strong>nullis</strong></span> <span class='ocrx_word' id='word_1_21' title='bbox 263 442 370 495; x_wconf 85' lang='lat' dir='ltr'><strong>sordibus,</strong></span> <span class='ocrx_word' id='word_1_22' title='bbox 382 443 478 502; x_wconf 87' lang='lat' dir='ltr'><strong>pretium</strong></span> <span class='ocrx_word' id='word_1_23' title='bbox 490 457 548 488; x_wconf 85' lang='lat' dir='ltr'><strong>caras</strong></span> <span class='ocrx_word' id='word_1_24' title='bbox 558 443 647 503; x_wconf 84' lang='lat' dir='ltr'><strong>pietatis</strong></span> <span class='ocrx_word' id='word_1_25' title='bbox 658 442 740 488; x_wconf 82' lang='lat' dir='ltr'><strong>evilas-</strong></span> 
     </span>
    </p>
   </div>
   <div class='ocr_carea' id='block_1_3' title="bbox 63 502 821 568">
    <p class='ocr_par' dir='ltr' id='par_1_3' title="bbox 63 502 821 568">
     <span class='ocr_line' id='line_1_5' title="bbox 63 502 821 568; baseline 0 -18"><span class='ocrx_word' id='word_1_26' title='bbox 63 504 103 550; x_wconf 74' lang='lat' dir='ltr'><strong>oit·</strong></span> <span class='ocrx_word' id='word_1_27' title='bbox 125 502 267 557; x_wconf 85' lang='lat' dir='ltr'><strong>Quinetiam</strong></span> <span class='ocrx_word' id='word_1_28' title='bbox 279 521 306 552; x_wconf 90' lang='lat' dir='ltr'><strong>eo</strong></span> <span class='ocrx_word' id='word_1_29' title='bbox 317 507 406 559; x_wconf 82' lang='lat' dir='ltr'><strong>certius,</strong></span> <span class='ocrx_word' id='word_1_30' title='bbox 420 523 465 567; x_wconf 93' lang='lat' dir='ltr'><strong>quo</strong></span> <span class='ocrx_word' id='word_1_31' title='bbox 476 507 585 560; x_wconf 84' lang='lat' dir='ltr'><strong>miserius,</strong></span> <span class='ocrx_word' id='word_1_32' title='bbox 598 508 739 568; x_wconf 84' lang='lat' dir='ltr'><strong>experimen·</strong></span> <span class='ocrx_word' id='word_1_33' title='bbox 820 543 821 550; x_wconf 70' lang='grc'>,</span> 
     </span>
    </p>
   </div>
   <div class='ocr_carea' id='block_1_4' title="bbox 58 569 769 1861">
    <p class='ocr_par' dir='ltr' id='par_1_4' title="bbox 58 569 769 1861">
     <span class='ocr_line' id='line_1_6' title="bbox 62 569 739 633; baseline 0.003 -19"><span class='ocrx_word' id='word_1_34' title='bbox 62 574 116 614; x_wconf 87' lang='lat' dir='ltr'><strong>tum</strong></span> <span class='ocrx_word' id='word_1_35' title='bbox 127 569 201 616; x_wconf 83' lang='lat' dir='ltr'><strong>habet.</strong></span> <span class='ocrx_word' id='word_1_36' title='bbox 221 570 342 632; x_wconf 72' lang='lat' dir='ltr'><strong>Sanguinis</strong></span> <span class='ocrx_word' id='word_1_37' title='bbox 352 571 445 632; x_wconf 83' lang='lat' dir='ltr'><strong>ingenui</strong></span> <span class='ocrx_word' id='word_1_38' title='bbox 455 572 571 618; x_wconf 86' lang='lat' dir='ltr'><strong>mulierem</strong></span> <span class='ocrx_word' id='word_1_39' title='bbox 579 579 669 633; x_wconf 67' lang='lat' dir='ltr'><strong>preston</strong></span> <span class='ocrx_word' id='word_1_40' title='bbox 679 571 739 632; x_wconf 87' lang='lat' dir='ltr'><strong>apud</strong></span> 
     </span>
     <span class='ocr_line' id='line_1_7' title="bbox 61 631 739 696; baseline 0.006 -18"><span class='ocrx_word' id='word_1_41' title='bbox 61 631 164 680; x_wconf 82' lang='lat' dir='ltr'><strong>tribunal</strong></span> <span class='ocrx_word' id='word_1_42' title='bbox 172 649 237 680; x_wconf 87' lang='lat' dir='ltr'><strong>suurn</strong></span> <span class='ocrx_word' id='word_1_43' title='bbox 245 636 332 696; x_wconf 89' lang='lat' dir='ltr'><strong>cspitsli</strong></span> <span class='ocrx_word' id='word_1_44' title='bbox 343 636 436 683; x_wconf 88' lang='lat' dir='ltr'><strong>crimine</strong></span> <span class='ocrx_word' id='word_1_45' title='bbox 443 637 576 690; x_wconf 74' lang='lat' dir='ltr'><strong>damnatam,</strong></span> <span class='ocrx_word' id='word_1_46' title='bbox 589 637 705 683; x_wconf 85' lang='lat' dir='ltr'><strong>triumviro</strong></span> <span class='ocrx_word' id='word_1_47' title='bbox 714 636 739 682; x_wconf 89' lang='lat' dir='ltr'><strong>in</strong></span> 
     </span>
     <span class='ocr_line' id='line_1_8' title="bbox 63 699 738 763; baseline 0.004 -20"><span class='ocrx_word' id='word_1_48' title='bbox 63 711 181 744; x_wconf 78' lang='lat' dir='ltr'><strong>carcerem</strong></span> <span class='ocrx_word' id='word_1_49' title='bbox 198 699 320 747; x_wconf 88' lang='lat' dir='ltr'><strong>necsndsro</strong></span> <span class='ocrx_word' id='word_1_50' title='bbox 337 700 433 746; x_wconf 76' lang='lat' dir='ltr'><strong>tradidit.</strong></span> <span class='ocrx_word' id='word_1_51' title='bbox 460 700 514 754; x_wconf 76' lang='lat' dir='ltr'><strong>Quo</strong></span> <span class='ocrx_word' id='word_1_52' title='bbox 531 708 649 763; x_wconf 83' lang='lat' dir='ltr'><strong>receptam,</strong></span> <span class='ocrx_word' id='word_1_53' title='bbox 666 702 685 746; x_wconf 92' lang='lat' dir='ltr'><strong>is</strong></span> <span class='ocrx_word' id='word_1_54' title='bbox 699 699 738 761; x_wconf 91' lang='lat' dir='ltr'><strong>qui</strong></span> 
     </span>
     <span class='ocr_line' id='line_1_9' title="bbox 63 762 739 827; baseline 0.003 -19"><span class='ocrx_word' id='word_1_55' title='bbox 63 762 177 808; x_wconf 71' lang='lat' dir='ltr'><strong>custodias</strong></span> <span class='ocrx_word' id='word_1_56' title='bbox 192 771 293 825; x_wconf 76' lang='lat' dir='ltr'><strong>praeerat,</strong></span> <span class='ocrx_word' id='word_1_57' title='bbox 312 763 463 812; x_wconf 77' lang='lat' dir='ltr'><strong>misericordis</strong></span> <span class='ocrx_word' id='word_1_58' title='bbox 477 773 559 818; x_wconf 88' lang='lat' dir='ltr'><strong>motus,</strong></span> <span class='ocrx_word' id='word_1_59' title='bbox 576 781 621 812; x_wconf 92' lang='lat' dir='ltr'><strong>non</strong></span> <span class='ocrx_word' id='word_1_60' title='bbox 636 765 739 827; x_wconf 88' lang='lat' dir='ltr'><strong>protinus</strong></span> 
     </span>
     <span class='ocr_line' id='line_1_10' title="bbox 64 827 739 891; baseline 0.003 -17"><span class='ocrx_word' id='word_1_61' title='bbox 64 827 226 888; x_wconf 79' lang='lat' dir='ltr'><strong>strangulavit.</strong></span> <span class='ocrx_word' id='word_1_62' title='bbox 251 829 346 876; x_wconf 87' lang='lat' dir='ltr'><strong>Aditum</strong></span> <span class='ocrx_word' id='word_1_63' title='bbox 357 845 446 891; x_wconf 88' lang='lat' dir='ltr'><strong>qnoque</strong></span> <span class='ocrx_word' id='word_1_64' title='bbox 456 830 484 876; x_wconf 83' lang='lat' dir='ltr'><strong>nd</strong></span> <span class='ocrx_word' id='word_1_65' title='bbox 499 845 548 877; x_wconf 86' lang='lat' dir='ltr'><strong>eam</strong></span> <span class='ocrx_word' id='word_1_66' title='bbox 562 828 621 883; x_wconf 81' lang='lat' dir='ltr'><strong>filtae,</strong></span> <span class='ocrx_word' id='word_1_67' title='bbox 639 831 677 876; x_wconf 85' lang='lat' dir='ltr'><strong>sed</strong></span> <span class='ocrx_word' id='word_1_68' title='bbox 689 830 739 876; x_wconf 85' lang='lat' dir='ltr'><strong>dili-</strong></span> 
     </span>
     <span class='ocr_line' id='line_1_11' title="bbox 63 894 737 954; baseline 0.003 -16"><span class='ocrx_word' id='word_1_69' title='bbox 63 897 148 953; x_wconf 76' lang='lat' dir='ltr'><strong>genter</strong></span> <span class='ocrx_word' id='word_1_70' title='bbox 162 907 271 946; x_wconf 81' lang='lat' dir='ltr'><strong>excusare,</strong></span> <span class='ocrx_word' id='word_1_71' title='bbox 288 908 318 940; x_wconf 88' lang='lat' dir='ltr'><strong>ne</strong></span> <span class='ocrx_word' id='word_1_72' title='bbox 332 894 385 954; x_wconf 90' lang='lat' dir='ltr'><strong>quid</strong></span> <span class='ocrx_word' id='word_1_73' title='bbox 396 896 438 942; x_wconf 93' lang='lat' dir='ltr'><strong>cibi</strong></span> <span class='ocrx_word' id='word_1_74' title='bbox 449 894 548 948; x_wconf 75' lang='lat' dir='ltr'><strong>inferret,</strong></span> <span class='ocrx_word' id='word_1_75' title='bbox 566 895 641 951; x_wconf 81' lang='lat' dir='ltr'><strong>dedit;</strong></span> <span class='ocrx_word' id='word_1_76' title='bbox 658 895 737 940; x_wconf 87' lang='lat' dir='ltr'><strong>existi·</strong></span> 
     </span>
     <span class='ocr_line' id='line_1_12' title="bbox 63 954 737 1011; baseline 0.007 -10"><span class='ocrx_word' id='word_1_77' title='bbox 63 970 131 1002; x_wconf 85' lang='lat' dir='ltr'><strong>mans</strong></span> <span class='ocrx_word' id='word_1_78' title='bbox 141 954 250 1011; x_wconf 80' lang='lat' dir='ltr'><strong>futurum,</strong></span> <span class='ocrx_word' id='word_1_79' title='bbox 263 965 288 1004; x_wconf 91' lang='lat' dir='ltr'><strong>ut</strong></span> <span class='ocrx_word' id='word_1_80' title='bbox 300 956 373 1005; x_wconf 81' lang='lat' dir='ltr'><strong>inediti</strong></span> <span class='ocrx_word' id='word_1_81' title='bbox 384 967 559 1006; x_wconf 88' lang='lat' dir='ltr'><strong>consumeretur.</strong></span> <span class='ocrx_word' id='word_1_82' title='bbox 590 957 650 1006; x_wconf 89' lang='lat' dir='ltr'><strong>Cum</strong></span> <span class='ocrx_word' id='word_1_83' title='bbox 662 966 737 1006; x_wconf 83' lang='lat' dir='ltr'><strong>antem</strong></span> 
     </span>
     <span class='ocr_line' id='line_1_13' title="bbox 58 1021 736 1084; baseline 0 -16"><span class='ocrx_word' id='word_1_84' title='bbox 58 1022 110 1084; x_wconf 80' lang='lat' dir='ltr'><strong>J&#39;am</strong></span> <span class='ocrx_word' id='word_1_85' title='bbox 127 1021 176 1067; x_wconf 87' lang='lat' dir='ltr'><strong>dies</strong></span> <span class='ocrx_word' id='word_1_86' title='bbox 191 1023 265 1083; x_wconf 81' lang='lat' dir='ltr'><strong>plures</strong></span> <span class='ocrx_word' id='word_1_87' title='bbox 281 1023 450 1076; x_wconf 76' lang='lat' dir='ltr'><strong>intercederent,</strong></span> <span class='ocrx_word' id='word_1_88' title='bbox 468 1037 545 1069; x_wconf 91' lang='lat' dir='ltr'><strong>secum</strong></span> <span class='ocrx_word' id='word_1_89' title='bbox 561 1022 609 1082; x_wconf 86' lang='lat' dir='ltr'><strong>ipse</strong></span> <span class='ocrx_word' id='word_1_90' title='bbox 624 1037 736 1082; x_wconf 84' lang='lat' dir='ltr'><strong>quaerene,</strong></span> 
     </span>
     <span class='ocr_line' id='line_1_14' title="bbox 63 1084 769 1148; baseline 0.004 -17"><span class='ocrx_word' id='word_1_91' title='bbox 63 1084 172 1145; x_wconf 76' lang='lat' dir='ltr'><strong>quidnam</strong></span> <span class='ocrx_word' id='word_1_92' title='bbox 189 1094 256 1140; x_wconf 82' lang='lat' dir='ltr'><strong>essct,</strong></span> <span class='ocrx_word' id='word_1_93' title='bbox 272 1087 332 1148; x_wconf 88' lang='lat' dir='ltr'><strong>quod</strong></span> <span class='ocrx_word' id='word_1_94' title='bbox 345 1088 430 1136; x_wconf 89' lang='lat' dir='ltr'><strong>tamdiu</strong></span> <span class='ocrx_word' id='word_1_95' title='bbox 444 1094 613 1139; x_wconf 77' lang='lat' dir='ltr'>sustentaretur,</span> <span class='ocrx_word' id='word_1_96' title='bbox 629 1087 738 1134; x_wconf 72' lang='lat' dir='ltr'><strong>curiosius</strong></span> <span class='ocrx_word' id='word_1_97' title='bbox 765 1125 769 1134; x_wconf 91' lang='lat'>.</span> 
     </span>
     <span class='ocr_line' id='line_1_15' title="bbox 63 1148 739 1204; baseline 0.001 -8"><span class='ocrx_word' id='word_1_98' title='bbox 63 1148 184 1196; x_wconf 78' lang='lat' dir='ltr'><strong>observati</strong></span> <span class='ocrx_word' id='word_1_99' title='bbox 200 1149 251 1204; x_wconf 81' lang='lat' dir='ltr'><strong>filit,</strong></span> <span class='ocrx_word' id='word_1_100' title='bbox 267 1152 424 1200; x_wconf 77' lang='lat' dir='ltr'><strong>animadvertit</strong></span> <span class='ocrx_word' id='word_1_101' title='bbox 439 1152 500 1198; x_wconf 86' lang='lat' dir='ltr'><strong>illam</strong></span> <span class='ocrx_word' id='word_1_102' title='bbox 515 1157 605 1196; x_wconf 85' lang='lat' dir='ltr'><strong>exserto</strong></span> <span class='ocrx_word' id='word_1_103' title='bbox 621 1151 689 1196; x_wconf 86' lang='lat' dir='ltr'><strong>ubere</strong></span> <span class='ocrx_word' id='word_1_104' title='bbox 703 1150 739 1198; x_wconf 81' lang='lat' dir='ltr'><strong>ia·</strong></span> 
     </span>
     <span class='ocr_line' id='line_1_16' title="bbox 63 1214 736 1268; baseline 0.004 -9"><span class='ocrx_word' id='word_1_105' title='bbox 63 1229 126 1264; x_wconf 84' lang='lat' dir='ltr'><strong>mem</strong></span> <span class='ocrx_word' id='word_1_106' title='bbox 137 1215 215 1261; x_wconf 83' lang='lat' dir='ltr'><strong>matris</strong></span> <span class='ocrx_word' id='word_1_107' title='bbox 226 1216 289 1262; x_wconf 88' lang='lat' dir='ltr'><strong>lactis</strong></span> <span class='ocrx_word' id='word_1_108' title='bbox 300 1217 334 1262; x_wconf 90' lang='lat' dir='ltr'><strong>sui</strong></span> <span class='ocrx_word' id='word_1_109' title='bbox 350 1217 447 1262; x_wconf 85' lang='lat' dir='ltr'><strong>subsidio</strong></span> <span class='ocrx_word' id='word_1_110' title='bbox 457 1215 585 1262; x_wconf 85' lang='lat' dir='ltr'><strong>lenientem.</strong></span> <span class='ocrx_word' id='word_1_111' title='bbox 617 1214 677 1268; x_wconf 85' lang='lat' dir='ltr'><strong>Quae</strong></span> <span class='ocrx_word' id='word_1_112' title='bbox 688 1223 736 1262; x_wconf 88' lang='lat' dir='ltr'><strong>tam</strong></span> 
     </span>
     <span class='ocr_line' id='line_1_17' title="bbox 63 1279 736 1342; baseline 0 -16"><span class='ocrx_word' id='word_1_113' title='bbox 63 1279 200 1326; x_wconf 78' lang='lat' dir='ltr'><strong>admirabilis</strong></span> <span class='ocrx_word' id='word_1_114' title='bbox 212 1281 331 1341; x_wconf 75' lang='lat' dir='ltr'><strong>spectaculi</strong></span> <span class='ocrx_word' id='word_1_115' title='bbox 342 1281 430 1326; x_wconf 84' lang='lat' dir='ltr'><strong>novitas</strong></span> <span class='ocrx_word' id='word_1_116' title='bbox 445 1281 473 1327; x_wconf 90' lang='lat' dir='ltr'><strong>ab</strong></span> <span class='ocrx_word' id='word_1_117' title='bbox 487 1280 536 1342; x_wconf 90' lang='lat' dir='ltr'><strong>ipso</strong></span> <span class='ocrx_word' id='word_1_118' title='bbox 547 1279 575 1326; x_wconf 84' lang='lat' dir='ltr'><strong>ad</strong></span> <span class='ocrx_word' id='word_1_119' title='bbox 586 1279 736 1332; x_wconf 86' lang='lat' dir='ltr'><strong>triumvirum,</strong></span> 
     </span>
     <span class='ocr_line' id='line_1_18' title="bbox 62 1343 738 1407; baseline -0.003 -15"><span class='ocrx_word' id='word_1_120' title='bbox 62 1359 77 1392; x_wconf 84' lang='lat' dir='ltr'><strong>a</strong></span> <span class='ocrx_word' id='word_1_121' title='bbox 87 1343 208 1390; x_wconf 83' lang='lat' dir='ltr'><strong>triumviro</strong></span> <span class='ocrx_word' id='word_1_122' title='bbox 219 1345 247 1391; x_wconf 88' lang='lat' dir='ltr'><strong>sd</strong></span> <span class='ocrx_word' id='word_1_123' title='bbox 257 1353 383 1406; x_wconf 78' lang='lat' dir='ltr'><strong>praetorem,</strong></span> <span class='ocrx_word' id='word_1_124' title='bbox 396 1351 516 1406; x_wconf 82' lang='lat' dir='ltr'><strong>spraetore</strong></span> <span class='ocrx_word' id='word_1_125' title='bbox 526 1343 554 1392; x_wconf 84' lang='lat' dir='ltr'><strong>sd</strong></span> <span class='ocrx_word' id='word_1_126' title='bbox 569 1343 687 1392; x_wconf 88' lang='lat' dir='ltr'><strong>concilium</strong></span> <span class='ocrx_word' id='word_1_127' title='bbox 697 1345 738 1407; x_wconf 89' lang='lat' dir='ltr'><strong>jn-</strong></span> 
     </span>
     <span class='ocr_line' id='line_1_19' title="bbox 62 1409 734 1471; baseline 0 -17"><span class='ocrx_word' id='word_1_128' title='bbox 62 1409 141 1454; x_wconf 89' lang='lat' dir='ltr'><strong>dicum</strong></span> <span class='ocrx_word' id='word_1_129' title='bbox 149 1409 240 1470; x_wconf 85' lang='lat' dir='ltr'><strong>perlata,</strong></span> <span class='ocrx_word' id='word_1_130' title='bbox 251 1410 403 1456; x_wconf 72' lang='lat' dir='ltr'><strong>remissionem</strong></span> <span class='ocrx_word' id='word_1_131' title='bbox 414 1425 489 1471; x_wconf 83' lang='lat' dir='ltr'><strong>poenae</strong></span> <span class='ocrx_word' id='word_1_132' title='bbox 500 1409 588 1456; x_wconf 90' lang='lat' dir='ltr'><strong>mulieri</strong></span> <span class='ocrx_word' id='word_1_133' title='bbox 599 1409 734 1471; x_wconf 87' lang='lat' dir='ltr'><strong>impetravit.</strong></span> 
     </span>
     <span class='ocr_line' id='line_1_20' title="bbox 63 1472 737 1537; baseline 0.006 -19"><span class='ocrx_word' id='word_1_134' title='bbox 63 1472 121 1527; x_wconf 80' lang='lat' dir='ltr'><strong>Quo</strong></span> <span class='ocrx_word' id='word_1_135' title='bbox 132 1487 178 1518; x_wconf 89' lang='lat' dir='ltr'><strong>non</strong></span> <span class='ocrx_word' id='word_1_136' title='bbox 189 1481 296 1535; x_wconf 79' lang='lat' dir='ltr'><strong>penetret,</strong></span> <span class='ocrx_word' id='word_1_137' title='bbox 309 1481 349 1523; x_wconf 89' lang='lat' dir='ltr'><strong>aut</strong></span> <span class='ocrx_word' id='word_1_138' title='bbox 358 1473 412 1535; x_wconf 92' lang='lat' dir='ltr'><strong>quid</strong></span> <span class='ocrx_word' id='word_1_139' title='bbox 423 1489 468 1524; x_wconf 83' lang='lat' dir='ltr'><strong>non</strong></span> <span class='ocrx_word' id='word_1_140' title='bbox 477 1475 675 1537; x_wconf 82' lang='lat' dir='ltr'><strong>excogitatpietas,</strong></span> <span class='ocrx_word' id='word_1_141' title='bbox 685 1490 737 1535; x_wconf 80' lang='lat' dir='ltr'><strong>quae</strong></span> 
     </span>
     <span class='ocr_line' id='line_1_21' title="bbox 62 1538 738 1602; baseline 0.003 -18"><span class='ocrx_word' id='word_1_142' title='bbox 62 1538 86 1584; x_wconf 88' lang='lat' dir='ltr'><strong>in</strong></span> <span class='ocrx_word' id='word_1_143' title='bbox 105 1552 195 1584; x_wconf 82' lang='lat' dir='ltr'><strong>carcere</strong></span> <span class='ocrx_word' id='word_1_144' title='bbox 206 1538 322 1586; x_wconf 78' lang='lat' dir='ltr'><strong>servandae</strong></span> <span class='ocrx_word' id='word_1_145' title='bbox 332 1539 447 1602; x_wconf 81' lang='lat' dir='ltr'><strong>genitricis</strong></span> <span class='ocrx_word' id='word_1_146' title='bbox 459 1555 539 1588; x_wconf 79' lang='lat' dir='ltr'><strong>novam</strong></span> <span class='ocrx_word' id='word_1_147' title='bbox 552 1540 659 1588; x_wconf 87' lang='lat' dir='ltr'><strong>rationem</strong></span> <span class='ocrx_word' id='word_1_148' title='bbox 673 1540 738 1586; x_wconf 84' lang='lat' dir='ltr'><strong>inve-</strong></span> 
     </span>
     <span class='ocr_line' id='line_1_22' title="bbox 61 1601 735 1666; baseline 0.001 -17"><span class='ocrx_word' id='word_1_149' title='bbox 61 1602 116 1650; x_wconf 79' lang='lat' dir='ltr'><strong>nit?</strong></span> <span class='ocrx_word' id='word_1_150' title='bbox 134 1601 197 1656; x_wconf 81' lang='lat' dir='ltr'><strong>Quid</strong></span> <span class='ocrx_word' id='word_1_151' title='bbox 207 1604 267 1650; x_wconf 81' lang='lat' dir='ltr'><strong>anim</strong></span> <span class='ocrx_word' id='word_1_152' title='bbox 278 1611 324 1650; x_wconf 83' lang='lat' dir='ltr'><strong>tam</strong></span> <span class='ocrx_word' id='word_1_153' title='bbox 336 1603 472 1658; x_wconf 80' lang='lat' dir='ltr'><strong>inusitatum,</strong></span> <span class='ocrx_word' id='word_1_154' title='bbox 485 1605 538 1666; x_wconf 87' lang='lat' dir='ltr'><strong>quid</strong></span> <span class='ocrx_word' id='word_1_155' title='bbox 549 1612 594 1651; x_wconf 77' lang='lat' dir='ltr'><strong>tam</strong></span> <span class='ocrx_word' id='word_1_156' title='bbox 603 1605 735 1657; x_wconf 77' lang='lat' dir='ltr'><strong>inauditum,</strong></span> 
     </span>
     <span class='ocr_line' id='line_1_23' title="bbox 60 1669 736 1730; baseline 0 -16"><span class='ocrx_word' id='word_1_157' title='bbox 60 1682 133 1729; x_wconf 87' lang='lat' dir='ltr'><strong>quam</strong></span> <span class='ocrx_word' id='word_1_158' title='bbox 144 1674 238 1720; x_wconf 79' lang='lat' dir='ltr'><strong>matrem</strong></span> <span class='ocrx_word' id='word_1_159' title='bbox 250 1676 309 1716; x_wconf 82' lang='lat' dir='ltr'><strong>nstae</strong></span> <span class='ocrx_word' id='word_1_160' title='bbox 320 1669 421 1716; x_wconf 82' lang='lat' dir='ltr'><strong>uberibus</strong></span> <span class='ocrx_word' id='word_1_161' title='bbox 432 1670 524 1716; x_wconf 83' lang='lat' dir='ltr'><strong>alitam?</strong></span> <span class='ocrx_word' id='word_1_162' title='bbox 552 1669 646 1716; x_wconf 85' lang='lat' dir='ltr'><strong>Putsret</strong></span> <span class='ocrx_word' id='word_1_163' title='bbox 656 1670 736 1730; x_wconf 86' lang='lat' dir='ltr'><strong>aliquis</strong></span> 
     </span>
     <span class='ocr_line' id='line_1_24' title="bbox 61 1733 737 1796; baseline 0.004 -18"><span class='ocrx_word' id='word_1_164' title='bbox 61 1733 108 1780; x_wconf 85' lang='lat' dir='ltr'><strong>hoc</strong></span> <span class='ocrx_word' id='word_1_165' title='bbox 120 1741 199 1780; x_wconf 84' lang='lat' dir='ltr'><strong>contra</strong></span> <span class='ocrx_word' id='word_1_166' title='bbox 212 1749 287 1780; x_wconf 88' lang='lat' dir='ltr'><strong>rerum</strong></span> <span class='ocrx_word' id='word_1_167' title='bbox 301 1740 403 1780; x_wconf 86' lang='lat' dir='ltr'><strong>naturam</strong></span> <span class='ocrx_word' id='word_1_168' title='bbox 417 1733 516 1792; x_wconf 68' lang='lat' dir='ltr'><strong>iactum</strong></span> <span class='ocrx_word' id='word_1_169' title='bbox 533 1734 576 1780; x_wconf 89' lang='lat' dir='ltr'><strong>nisi</strong></span> <span class='ocrx_word' id='word_1_170' title='bbox 590 1733 683 1796; x_wconf 73' lang='lat' dir='ltr'><strong>diligere</strong></span> <span class='ocrx_word' id='word_1_171' title='bbox 696 1748 737 1796; x_wconf 78' lang='lat' dir='ltr'><strong>pe·</strong></span> 
     </span>
     <span class='ocr_line' id='line_1_25' title="bbox 60 1799 444 1861; baseline 0 -15"><span class='ocrx_word' id='word_1_172' title='bbox 60 1803 141 1846; x_wconf 86' lang='lat' dir='ltr'><strong>rentes</strong></span> <span class='ocrx_word' id='word_1_173' title='bbox 151 1799 223 1861; x_wconf 83' lang='lat' dir='ltr'><strong>prime</strong></span> <span class='ocrx_word' id='word_1_174' title='bbox 232 1807 319 1846; x_wconf 69' lang='lat' dir='ltr'><strong>naturis</strong></span> <span class='ocrx_word' id='word_1_175' title='bbox 329 1799 367 1846; x_wconf 85' lang='lat' dir='ltr'><strong>lex</strong></span> <span class='ocrx_word' id='word_1_176' title='bbox 377 1805 444 1846; x_wconf 81' lang='lat' dir='ltr'><strong>esset.</strong></span> 
     </span>
    </p>
   </div>
   <div class='ocr_carea' id='block_1_5' title="bbox 341 1905 455 1954">
    <p class='ocr_par' dir='ltr' id='par_1_5' title="bbox 341 1905 455 1954">
     <span class='ocr_line' id='line_1_26' title="bbox 341 1905 455 1954; baseline -0.026 0"><span class='ocrx_word' id='word_1_177' title='bbox 341 1905 455 1954; x_wconf 75' lang='lat' dir='ltr'><strong>Externa.</strong></span> 
     </span>
    </p>
   </div>
   <div class='ocr_carea' id='block_1_6' title="bbox 57 1990 756 2645">
    <p class='ocr_par' dir='ltr' id='par_1_6' title="bbox 57 1990 756 2645">
     <span class='ocr_line' id='line_1_27' title="bbox 96 1990 734 2062; baseline -0.013 -17"><span class='ocrx_word' id='word_1_178' title='bbox 96 1994 148 2062; x_wconf 84' lang='lat'><em>(1.)</em></span> <span class='ocrx_word' id='word_1_179' title='bbox 159 1995 223 2044; x_wconf 84' lang='lat' dir='ltr'><strong>Idem</strong></span> <span class='ocrx_word' id='word_1_180' title='bbox 230 1995 375 2059; x_wconf 67' lang='lat' dir='ltr'><strong>predicatum</strong></span> <span class='ocrx_word' id='word_1_181' title='bbox 384 1995 412 2042; x_wconf 92' lang='lat' dir='ltr'><strong>de</strong></span> <span class='ocrx_word' id='word_1_182' title='bbox 419 1994 502 2057; x_wconf 85' lang='lat' dir='ltr'><strong>pietate</strong></span> <span class='ocrx_word' id='word_1_183' title='bbox 508 1991 580 2040; x_wconf 81' lang='lat' dir='ltr'><strong>Perds</strong></span> <span class='ocrx_word' id='word_1_184' title='bbox 589 1990 734 2046; x_wconf 83' lang='lat' dir='ltr'><strong>existimetur,</strong></span> 
     </span>
     <span class='ocr_line' id='line_1_28' title="bbox 59 2055 737 2126; baseline -0.013 -15"><span class='ocrx_word' id='word_1_185' title='bbox 59 2078 118 2126; x_wconf 78' lang='lat' dir='ltr'><strong>qnae</strong></span> <span class='ocrx_word' id='word_1_186' title='bbox 132 2069 218 2125; x_wconf 81' lang='lat' dir='ltr'><strong>patrem</strong></span> <span class='ocrx_word' id='word_1_187' title='bbox 229 2077 295 2109; x_wconf 86' lang='lat' dir='ltr'><strong>suurn</strong></span> <span class='ocrx_word' id='word_1_188' title='bbox 307 2059 436 2125; x_wconf 69' lang='lat' dir='ltr'><strong>[Cimons]</strong></span> <span class='ocrx_word' id='word_1_189' title='bbox 448 2058 558 2108; x_wconf 86' lang='lat' dir='ltr'><strong>consimili</strong></span> <span class='ocrx_word' id='word_1_190' title='bbox 568 2056 658 2105; x_wconf 80' lang='lat' dir='ltr'><strong>fortuni</strong></span> <span class='ocrx_word' id='word_1_191' title='bbox 669 2055 737 2103; x_wconf 65' lang='lat' dir='ltr'><strong>affati-</strong></span> 
     </span>
     <span class='ocr_line' id='line_1_29' title="bbox 60 2123 737 2190; baseline -0.016 -14"><span class='ocrx_word' id='word_1_192' title='bbox 60 2137 123 2180; x_wconf 78' lang='lat' dir='ltr'><strong>tutn.</strong></span> <span class='ocrx_word' id='word_1_193' title='bbox 139 2127 233 2190; x_wconf 77' lang='lat' dir='ltr'><strong>purique</strong></span> <span class='ocrx_word' id='word_1_194' title='bbox 246 2127 354 2174; x_wconf 81' lang='lat' dir='ltr'><strong>custodire</strong></span> <span class='ocrx_word' id='word_1_195' title='bbox 365 2126 478 2178; x_wconf 83' lang='lat' dir='ltr'><strong>traditum,</strong></span> <span class='ocrx_word' id='word_1_196' title='bbox 491 2125 540 2186; x_wconf 82' lang='lat' dir='ltr'><strong>jtun</strong></span> <span class='ocrx_word' id='word_1_197' title='bbox 556 2123 642 2168; x_wconf 77' lang='lat' dir='ltr'><strong>ultimae</strong></span> <span class='ocrx_word' id='word_1_198' title='bbox 659 2137 737 2167; x_wconf 84' lang='lat' dir='ltr'><strong>sensc-</strong></span> 
     </span>
     <span class='ocr_line' id='line_1_30' title="bbox 60 2185 737 2253; baseline -0.013 -13"><span class='ocrx_word' id='word_1_199' title='bbox 60 2194 128 2246; x_wconf 82' lang='lat' dir='ltr'><strong>tutis,</strong></span> <span class='ocrx_word' id='word_1_200' title='bbox 138 2193 200 2238; x_wconf 87' lang='lat' dir='ltr'><strong>velut</strong></span> <span class='ocrx_word' id='word_1_201' title='bbox 208 2191 323 2244; x_wconf 78' lang='lat' dir='ltr'><strong>infantem,</strong></span> <span class='ocrx_word' id='word_1_202' title='bbox 332 2192 417 2253; x_wconf 86' lang='lat' dir='ltr'><strong>pectori</strong></span> <span class='ocrx_word' id='word_1_203' title='bbox 426 2205 467 2237; x_wconf 93' lang='lat' dir='ltr'><strong>suo</strong></span> <span class='ocrx_word' id='word_1_204' title='bbox 475 2189 589 2236; x_wconf 88' lang='lat' dir='ltr'><strong>admotum</strong></span> <span class='ocrx_word' id='word_1_205' title='bbox 597 2187 659 2233; x_wconf 75' lang='lat' dir='ltr'><strong>eluit.</strong></span> <span class='ocrx_word' id='word_1_206' title='bbox 677 2185 737 2232; x_wconf 58' lang='grc' dir='ltr'><strong>ΗΕ-</strong></span> 
     </span>
     <span class='ocr_line' id='line_1_31' title="bbox 60 2250 737 2318; baseline -0.018 -12"><span class='ocrx_word' id='word_1_207' title='bbox 60 2265 117 2306; x_wconf 87' lang='lat' dir='ltr'><strong>rent</strong></span> <span class='ocrx_word' id='word_1_208' title='bbox 127 2273 154 2304; x_wconf 84' lang='lat' dir='ltr'><strong>ac</strong></span> <span class='ocrx_word' id='word_1_209' title='bbox 165 2264 256 2318; x_wconf 86' lang='lat' dir='ltr'><strong>stupent</strong></span> <span class='ocrx_word' id='word_1_210' title='bbox 270 2257 385 2304; x_wconf 87' lang='lat' dir='ltr'><strong>hominurn</strong></span> <span class='ocrx_word' id='word_1_211' title='bbox 397 2256 463 2309; x_wconf 86' lang='lat' dir='ltr'><strong>oculi,</strong></span> <span class='ocrx_word' id='word_1_212' title='bbox 475 2269 527 2301; x_wconf 86' lang='lat' dir='ltr'><strong>cum</strong></span> <span class='ocrx_word' id='word_1_213' title='bbox 542 2253 608 2314; x_wconf 84' lang='lat' dir='ltr'><strong>hujus</strong></span> <span class='ocrx_word' id='word_1_214' title='bbox 621 2251 674 2298; x_wconf 83' lang='lat' dir='ltr'><strong>fecti</strong></span> <span class='ocrx_word' id='word_1_215' title='bbox 688 2250 737 2312; x_wconf 87' lang='lat' dir='ltr'><strong>pic-</strong></span> 
     </span>
     <span class='ocr_line' id='line_1_32' title="bbox 58 2316 734 2384; baseline -0.018 -12"><span class='ocrx_word' id='word_1_216' title='bbox 58 2332 111 2372; x_wconf 80' lang='lat' dir='ltr'><strong>tam</strong></span> <span class='ocrx_word' id='word_1_217' title='bbox 123 2323 244 2384; x_wconf 76' lang='lat' dir='ltr'><strong>imaginem</strong></span> <span class='ocrx_word' id='word_1_218' title='bbox 255 2321 347 2378; x_wconf 83' lang='lat' dir='ltr'><strong>uident;</strong></span> <span class='ocrx_word' id='word_1_219' title='bbox 364 2321 473 2381; x_wconf 78' lang='lat' dir='ltr'><strong>caedeque</strong></span> <span class='ocrx_word' id='word_1_220' title='bbox 483 2318 568 2379; x_wconf 82' lang='lat' dir='ltr'><strong>antiqui</strong></span> <span class='ocrx_word' id='word_1_221' title='bbox 576 2316 734 2367; x_wconf 87' lang='lat' dir='ltr'><strong>conditionem,</strong></span> 
     </span>
     <span class='ocr_line' id='line_1_33' title="bbox 57 2380 737 2453; baseline -0.013 -18"><span class='ocrx_word' id='word_1_222' title='bbox 57 2387 183 2453; x_wconf 80' lang='lat' dir='ltr'><strong>praesentis</strong></span> <span class='ocrx_word' id='word_1_223' title='bbox 203 2387 322 2448; x_wconf 75' lang='lat' dir='ltr'><strong>spectaculi</strong></span> <span class='ocrx_word' id='word_1_224' title='bbox 339 2386 490 2438; x_wconf 81' lang='lat' dir='ltr'><strong>admiratione,</strong></span> <span class='ocrx_word' id='word_1_225' title='bbox 509 2389 634 2439; x_wconf 77' lang='lat' dir='ltr'><strong>renovent3</strong></span> <span class='ocrx_word' id='word_1_226' title='bbox 653 2380 737 2429; x_wconf 85' lang='lat' dir='ltr'><strong>inillis</strong></span> 
     </span>
     <span class='ocr_line' id='line_1_34' title="bbox 59 2446 736 2509; baseline -0.016 -8"><span class='ocrx_word' id='word_1_227' title='bbox 59 2452 135 2501; x_wconf 87' lang='lat' dir='ltr'><strong>mutis</strong></span> <span class='ocrx_word' id='word_1_228' title='bbox 150 2453 300 2498; x_wconf 86' lang='lat' dir='ltr'><strong>membrorum</strong></span> <span class='ocrx_word' id='word_1_229' title='bbox 315 2451 455 2498; x_wconf 77' lang='lat' dir='ltr'><strong>lineamentis</strong></span> <span class='ocrx_word' id='word_1_230' title='bbox 469 2449 521 2495; x_wconf 84' lang='lat' dir='ltr'><strong>viva</strong></span> <span class='ocrx_word' id='word_1_231' title='bbox 531 2463 557 2494; x_wconf 84' lang='lat' dir='ltr'><strong>ac</strong></span> <span class='ocrx_word' id='word_1_232' title='bbox 568 2446 675 2509; x_wconf 88' lang='lat' dir='ltr'><strong>spirantia</strong></span> <span class='ocrx_word' id='word_1_233' title='bbox 685 2461 736 2492; x_wconf 90' lang='lat' dir='ltr'><strong>cor-</strong></span> 
     </span>
     <span class='ocr_line' id='line_1_35' title="bbox 57 2513 736 2582; baseline -0.013 -17"><span class='ocrx_word' id='word_1_234' title='bbox 57 2532 120 2582; x_wconf 86' lang='lat' dir='ltr'><strong>pora</strong></span> <span class='ocrx_word' id='word_1_235' title='bbox 130 2516 212 2562; x_wconf 90' lang='lat' dir='ltr'><strong>intueri</strong></span> <span class='ocrx_word' id='word_1_236' title='bbox 223 2515 346 2562; x_wconf 86' lang='lat' dir='ltr'><strong>credentes.</strong></span> <span class='ocrx_word' id='word_1_237' title='bbox 367 2513 435 2568; x_wconf 82' lang='lat' dir='ltr'><strong>Quod</strong></span> <span class='ocrx_word' id='word_1_238' title='bbox 446 2527 537 2560; x_wconf 87' lang='lat' dir='ltr'><strong>necesse</strong></span> <span class='ocrx_word' id='word_1_239' title='bbox 548 2521 583 2558; x_wconf 84' lang='lat' dir='ltr'><strong>est</strong></span> <span class='ocrx_word' id='word_1_240' title='bbox 593 2513 667 2558; x_wconf 86' lang='lat' dir='ltr'><strong>animo</strong></span> <span class='ocrx_word' id='word_1_241' title='bbox 675 2526 736 2571; x_wconf 71' lang='lat' dir='ltr'><strong>,quo-</strong></span> 
     </span>
     <span class='ocr_line' id='line_1_36' title="bbox 59 2573 756 2645; baseline -0.009 -15"><span class='ocrx_word' id='word_1_242' title='bbox 59 2597 107 2645; x_wconf 88' lang='lat' dir='ltr'><strong>que</strong></span> <span class='ocrx_word' id='word_1_243' title='bbox 124 2579 223 2634; x_wconf 84' lang='lat' dir='ltr'><strong>evenire,</strong></span> <span class='ocrx_word' id='word_1_244' title='bbox 240 2580 352 2641; x_wconf 86' lang='lat' dir='ltr'><strong>aliquanto</strong></span> <span class='ocrx_word' id='word_1_245' title='bbox 372 2579 495 2625; x_wconf 86' lang='lat' dir='ltr'><strong>efficaciore</strong></span> <span class='ocrx_word' id='word_1_246' title='bbox 510 2573 597 2640; x_wconf 77' lang='lat' dir='ltr'><strong>picturi</strong></span> <span class='ocrx_word' id='word_1_247' title='bbox 613 2577 733 2629; x_wconf 85' lang='lat' dir='ltr'><strong>literarum,</strong></span> <span class='ocrx_word' id='word_1_248' title='bbox 754 2619 756 2624; x_wconf 94' lang='lat'><em>.</em></span> 
     </span>
    </p>
   </div>
   <div class='ocr_carea' id='block_1_7' title="bbox 57 2641 735 2820">
    <p class='ocr_par' dir='ltr' id='par_1_7' title="bbox 57 2641 735 2820">
     <span class='ocr_line' id='line_1_37' title="bbox 57 2641 582 2706; baseline -0.015 -10"><span class='ocrx_word' id='word_1_249' title='bbox 57 2656 142 2696; x_wconf 78' lang='lat' dir='ltr'><strong>vetera</strong></span> <span class='ocrx_word' id='word_1_250' title='bbox 152 2659 194 2706; x_wconf 89' lang='lat' dir='ltr'><strong>pro</strong></span> <span class='ocrx_word' id='word_1_251' title='bbox 205 2646 329 2692; x_wconf 84' lang='lat' dir='ltr'><strong>recentibus</strong></span> <span class='ocrx_word' id='word_1_252' title='bbox 340 2643 454 2691; x_wconf 88' lang='lat' dir='ltr'><strong>admonito</strong></span> <span class='ocrx_word' id='word_1_253' title='bbox 465 2641 582 2689; x_wconf 84' lang='lat' dir='ltr'><strong>recordari.</strong></span> 
     </span>
     <span class='ocr_line' id='line_1_38' title="bbox 93 2704 735 2820; baseline -0.012 -64"><span class='ocrx_word' id='word_1_254' title='bbox 93 2710 148 2776; x_wconf 74' lang='lat'><strong>(2.)</strong></span> <span class='ocrx_word' id='word_1_255' title='bbox 166 2708 204 2760; x_wconf 80' lang='lat' dir='ltr'><strong>Ns</strong></span> <span class='ocrx_word' id='word_1_256' title='bbox 214 2717 237 2757; x_wconf 88' lang='lat' dir='ltr'><strong>te</strong></span> <span class='ocrx_word' id='word_1_257' title='bbox 247 2709 344 2772; x_wconf 85' lang='lat' dir='ltr'><strong>quidem,</strong></span> <span class='ocrx_word' id='word_1_258' title='bbox 357 2708 448 2766; x_wconf 78' lang='lat' dir='ltr'><strong>Cimon,</strong></span> <span class='ocrx_word' id='word_1_259' title='bbox 461 2707 550 2820; x_wconf 51' lang='lat' dir='ltr'><strong>{limo</strong></span> <span class='ocrx_word' id='word_1_260' title='bbox 560 2705 681 2794; x_wconf 80' lang='lat' dir='ltr'><strong>involvant,</strong></span> <span class='ocrx_word' id='word_1_261' title='bbox 697 2704 735 2764; x_wconf 91' lang='lat' dir='ltr'><strong>qui</strong></span> 
     </span>
    </p>
   </div>
   <div class='ocr_carea' id='block_1_8' title="bbox 0 0 918 2982">
    <p class='ocr_par' dir='ltr' id='par_1_8' title="bbox 0 0 918 2982">
     <span class='ocr_line' id='line_1_39' title="bbox 0 0 918 2982; baseline 0 1"><span class='ocrx_word' id='word_1_262' title='bbox 0 0 918 2982; x_wconf 95' lang='lat' dir='ltr'><strong> </strong></span> 
     </span>
    </p>
   </div>
  </div>
 </body>
</html>
