1820 2982
159 169 191 216 86
249 162 329 214 vah
342 159 480 220 Maximi
496 158 549 208 Iar.
563 157 599 208 11.
618 157 739 210 Cir-'lu'

160 295 280 344 tundamur
294 293 384 346 diceret,
400 291 525 351 tebulreque
534 290 590 352 ejus,
605 289 633 336 eb
648 295 777 338 sccuntore
788 295 838 338 exst

160 361 286 426 postulatae,
299 357 328 404 ad
338 370 420 403 nomen
431 355 592 416 inspiciendum
603 354 662 402 circa
668 354 777 418 judicium
784 356 832 402 fer-

162 433 247 478 rentur,
268 429 341 468 totnm
360 420 477 468 consilium
497 421 524 466 ab
544 433 621 466 esrum
642 420 832 481 contemplatione

163 490 241 536 oculos
252 487 339 539 avertit.
352 501 381 532 ne
392 485 419 532 de
429 483 502 544 aliqui
512 499 544 538 re,
556 499 607 544 quae
617 485 641 530 in
652 485 687 530 liis
697 485 765 532 relata
774 493 829 538 eret.

162 553 291 601 viderentur
310 547 428 597 dubitisse.
458 549 514 596 Non
533 549 557 594 in
576 549 663 603 tabulis,
684 548 766 596 sedin
785 548 833 597 vitri

164 618 197 672 Q„
211 616 308 669 Metelli,
323 621 456 677 argumente
470 615 556 660 sincere
571 613 730 660 administratus
740 615 833 675 provin-

163 683 205 730 ciae
220 681 316 744 legende
330 680 371 727 sibi
383 680 470 742 jndices
486 677 641 735 crediderunt;
657 678 775 740 indignum
789 680 833 726 reti

165 747 318 808 integritatem
335 745 392 792 tenti
408 744 450 792 viri
467 741 550 806 exigui
566 739 617 789 ceri
632 750 657 790 et
673 743 749 804 paucis
764 744 837 792 literis¹

235 811 280 858 ndi.
408 848 412 856 s
659 804 662 813 ⁴

166 827 247 940 Pelle.)
266 875 312 924 Sed
326 871 379 936 quid
393 873 482 925 mirum,
499 871 518 918 si
532 870 618 918 debitus
632 872 704 917 honos
718 887 732 918 e
749 871 835 919 civibus

166 941 263 989 Metello
277 941 373 987 tributus
387 945 429 992 est,
445 952 512 997 quem
527 936 633 997 superiori
648 935 756 982 Africano
767 938 834 983 etism

166 1007 238 1053 hostis
248 1013 355 1068 praestnre
366 1019 412 1050 non
423 1000 547 1048 dubitavit?
571 1001 685 1060 Siquidem
700 1016 741 1047 rex
751 1003 836 1048 Antio-

167 1073 224 1118 chus
237 1071 303 1126 bello‚
320 1069 380 1131 quod
394 1084 445 1118 cum
460 1065 571 1113 Romanis
584 1066 682 1127 gerebat,
697 1064 767 1112 iillum
778 1067 835 1128 ejus,

166 1152 181 1184 a
198 1135 304 1182 militibus
321 1135 366 1182 suis
383 1135 537 1193 interceptum,
554 1130 724 1176 honoratissime
739 1132 834 1192 excepit,

167 1202 279 1263 regiisque
292 1199 419 1246 muneribus
434 1197 541 1245 donatum
556 1195 615 1241 ultro
630 1201 653 1241 et
668 1194 769 1242 celeriter
778 1197 836 1257 petri
897 1193 898 1222 l

167 1266 268 1322 remisit;
288 1277 422 1324 quemquern
438 1263 466 1307 ab
480 1277 508 1307 eo
523 1267 572 1306 tum
586 1259 685 1306 maxime
697 1258 778 1306 finibus
791 1260 836 1306 irn-

168 1330 223 1394 perii
238 1329 367 1390 pellebatur.
396 1326 441 1372 Sed
457 1333 481 1371 et
497 1339 538 1371 rex
554 1325 676 1378 lacessitus,
696 1325 838 1387 majestatem
897 1383 898 1388 ¹

82 1396 83 1399 ’
169 1392 349 1441 excellentissimi
368 1391 410 1438 viri
429 1389 537 1443 venerari,
560 1404 627 1449 quarn
649 1389 748 1435 dolorem
771 1405 836 1436 suum

169 1457 254 1510 ulcisci,
266 1456 351 1502 meluit.
370 1454 409 1501 Ad
419 1453 551 1500 Africanum
562 1453 673 1508 eumdem,
684 1453 708 1499 in
719 1452 838 1502 Liternimi

169 1519 223 1570 villi
234 1536 258 1568 se
268 1521 428 1572 continentem,
441 1519 568 1580 complures
581 1511 713 1580 praedonum
724 1518 791 1566 duces
802 1521 838 1566 vi-

169 1587 267 1633 dendum
286 1585 365 1631 eodem
383 1591 484 1645 tempore
501 1583 560 1630 sorte
578 1582 740 1630 confluxerunt.
771 1584 838 1636 Quos

169 1667 221 1698 eum
233 1650 261 1697 ed
271 1650 317 1696 vim
325 1648 448 1696 faciendam
456 1648 534 1695 venire
541 1645 698 1702 existimisset,
708 1649 837 1710 presidium

169 1715 343 1763 domesticorum
359 1714 382 1760 in
397 1720 457 1760 tecto
472 1713 604 1770 collocerit;
621 1719 712 1774 eratque
721 1714 746 1758 in
756 1714 791 1760 his
802 1729 838 1760 re-

169 1780 277 1844 pellendis
289 1785 313 1827 et
327 1779 402 1826 animo
416 1786 440 1826 et
454 1787 560 1840 apparatu
575 1785 704 1839 occupatus.
730 1777 799 1831 Quod
812 1786 839 1826 ut

169 1846 287 1910 praedones
297 1844 507 1897 animadverterunt,
519 1843 615 1889 dimissis
623 1843 729 1890 militibus
736 1844 838 1906 abjectis-

169 1927 214 1972 que
228 1911 302 1964 armis,
316 1911 395 1973 Januae
408 1909 591 1970 appropinquant,
607 1915 631 1953 et
643 1905 703 1954 clari
712 1923 769 1955 voce
779 1923 838 1954 nun-

170 1977 227 2024 tient
245 1976 351 2038 Scipioni,
370 1981 386 2005 ‘⁸
397 1989 443 2020 non
459 1973 513 2020 vitae
528 1973 576 2034 ejus
592 1972 675 2026 hostes,
693 1973 733 2020 sed
748 1974 840 2021 virtutis¹

170 2042 322 2095 admiratores,
334 2039 430 2093 venisse,
442 2045 586 2099 conspectum
597 2044 621 2084 et
628 2052 775 2100 congressum
783 2040 839 2085 tenti
896 2069 897 2072 =

170 2107 220 2161 viri,
241 2107 303 2168 qussi
320 2105 412 2152 coeleste
428 2102 518 2163 aliquod
533 2100 672 2156 beneficium,
691 2110 837 2164 expetentes:

170 2171 263 2235 proinde
282 2184 384 2217 securum
404 2184 428 2214 se
446 2169 510 2214 nobis
531 2167 675 2228 spectandum
694 2169 793 2228 praebere
812 2183 841 2216 ne

171 2234 305 2298 gravetur.’'
323 2233 384 2280 Haec
394 2240 511 2295 postquam
523 2232 638 2279 domestici
650 2232 749 2294 Scipioni
757 2233 841 2280 retule-

173 2306 233 2353 runt,
256 2298 316 2346 sores
336 2297 434 2352 reserari,
457 2313 541 2358 eosque
558 2295 676 2342 intromitti
693 2298 763 2359 jussit
770 2315 783 2356 ς,
803 2300 842 2360 qui

172 2370 249 2425 postes
255 2364 340 2424 januae,
353 2370 466 2423 tamquam
477 2363 572 2422 aliquam
583 2361 772 2422 religiosissimam
780 2377 842 2410 erem

174 2434 320 2486 sanctumque
325 2428 438 2488 'ternplum
449 2428 555 2480 venerati,
571 2427 651 2488 cupide
666 2426 777 2487 Scipionis
788 2428 843 2474 dex-

173 2499 244 2537 serem
255 2491 461 2551 apprehenderunt3
476 2508 503 2538 ac
513 2491 551 2538 diu
561 2490 690 2545 deosculati,
702 2492 781 2552 positis
791 2501 844 2540 ente

173 2554 307 2601 vestibulum
320 2553 391 2608 donis,
408 2571 460 2615 quse
471 2557 575 2603 Deorum
585 2555 744 2602 immortalium
754 2559 841 2603 numini

174 2618 299 2665 consecrari
310 2619 390 2672 solent,
402 2620 455 2672 laeti,
467 2622 528 2680 quod
539 2619 666 2680 Scipionem
677 2620 759 2668 vidisse
770 2623 843 2668 conti-

174 2684 252 2748 gisset,
264 2683 292 2732 ad
303 2683 360 2732 lnres
371 2692 516 2734 reverterunt.
543 2683 606 2739 Quid
619 2684 662 2733 hoc
676 2684 751 2734 fructu
761 2688 843 2750 muju-
