1842 2992
192 167 225 212 40
298 165 376 216 VAL
390 163 528 216 rulxntss
542 167 630 216 Las
649 166 710 218 Cur.
723 173 747 216 8.

191 293 289 341 diuturni
305 295 364 349 meli,
382 311 453 357 neque
467 295 543 344 dirind
556 293 707 344 miseritordid
721 309 797 358 neque
813 297 857 342 hu-

190 373 258 404 mano
268 359 357 412 auxilio,
375 361 458 422 imponi
473 361 572 418 videret;
589 377 642 408 curs
656 360 806 414 sacerdotum,
820 362 857 406 in-

191 424 272 485 spectis
285 424 397 484 Sibyllinis
407 426 475 478 libn's,
492 426 653 479 animadvertit,
666 439 712 471 non
722 425 788 472 sliter
799 426 856 486 pris·
904 479 905 482 Ἰ

190 488 259 534 tinam
271 491 394 548 recuperari
405 490 553 536 salubritatem
564 505 636 552 posse,
649 505 716 550 quam
727 489 747 535 si
758 491 786 536 sb
798 490 856 550 Epi·
904 495 905 548 ζ

191 551 260 597 dsuro
272 551 414 615 AEsculspius
424 561 484 600 esset
494 556 618 601 arcessitus.
646 553 856 616 Itaqueeolegstis
904 565 905 568 ’

193 616 274 673 missis,
290 618 377 664 unicum
393 618 465 664 intulis
480 621 570 666 remedii
585 635 650 680 opem
664 619 797 666 auctoritate
808 615 856 670 sui,
904 655 905 684 3

91 709 93 716 ,
192 695 243 740 quae
255 683 303 742 jam
318 683 342 726 in
357 683 422 729 terris
437 689 484 730 erat
496 683 636 744 amplissima,
652 684 821 746 impetraturam
833 697 856 728 se

192 747 291 792 credidit.
318 745 400 807 Neque
416 763 464 794 eam
480 749 555 808 opinio
570 748 663 809 decepit.
687 747 741 794 Pari
759 761 857 808 namque

191 809 264 856 studio
278 811 378 872 petitum,
394 827 420 857 ac
434 813 568 872 promissum
578 820 613 858 est
622 813 763 874 praesidium:
781 827 857 859 eves·

191 873 291 934 tigioque
308 875 421 936 Epidaurii
437 876 591 922 Romanorum
606 877 692 938 legatos
708 877 730 922 in
745 877 854 938 templum

191 937 322 1000 AEseulnpii,
334 940 394 1000 quod
405 941 432 986 sb
439 955 516 986 eorum
528 942 581 986 urbe
592 941 688 1002 quinque
698 940 796 986 millibus
805 956 855 1002 pss-

190 1017 256 1049 suum
271 1003 344 1058 distat,
357 1005 482 1066 perductos,
495 1012 520 1050 ut
534 1005 638 1065 quidquid
649 1006 700 1052 inde
714 1005 803 1052 salubre
816 1020 856 1066 pa·

190 1067 241 1115 triae
251 1069 334 1116 laturos
346 1085 370 1116 se
380 1067 550 1124 existimdssent‚
563 1085 603 1130 pro
614 1084 655 1116 suo
664 1071 717 1132 jure
731 1076 854 1122 sumerent,

190 1133 348 1196 benignissime
367 1135 524 1181 invitsverunt.
555 1134 658 1187 Quorum
678 1141 723 1179 tsm
742 1141 855 1194 promtam
904 1183 905 1186 Ἰ

188 1196 350 1260 indulgentiam
366 1213 449 1245 numen
465 1197 534 1258 ipsius
552 1197 599 1244 Dei
617 1199 766 1250 subsecutum,
787 1199 855 1246 verbs
904 1207 905 1214 ¹

189 1263 315 1308 mortalium
333 1263 419 1308 coelesti
436 1263 540 1321 obsequio
554 1263 711 1323 comprobavit.
739 1262 854 1322 Siquidem

175 1317 208 1370 'is
226 1326 312 1386 anguis,
331 1341 396 1384 quesn
415 1325 530 1385 Epidaurii
545 1341 604 1382 raro,
622 1327 660 1372 sed
675 1341 789 1387 nunquam
805 1328 854 1374 sine

189 1403 272 1448 magno
291 1389 390 1448 ipsorum
408 1391 467 1434 bono
483 1389 563 1443 visum,
581 1391 604 1435 in
620 1391 712 1436 modum
728 1391 854 1452 AEsculspii
904 1399 905 1458 J

188 1452 288 1498 venerati
304 1451 399 1506 fuerant,
418 1467 458 1513 per
473 1453 531 1499 urbis
546 1455 698 1501 celeberrimas
708 1461 783 1516 partes
793 1455 854 1502 miti·
904 1491 905 1494 η

188 1516 231 1562 bus
246 1515 316 1562 oeulis
331 1521 354 1562 et
370 1517 415 1562 leni
425 1523 498 1562 tractu
507 1517 550 1564 lubi
561 1519 644 1580 coepit;
661 1519 778 1578 triduoque
795 1521 853 1566 inter

189 1579 316 1640 religiosam
334 1581 433 1626 omnium
449 1581 615 1628 admirationem
634 1590 774 1644 conspectus,
793 1584 852 1630 haud
904 1577 905 1596 ¹

189 1643 277 1690 dubium
287 1659 335 1705 prae
346 1659 371 1690 se
381 1645 484 1706 appetite
495 1646 592 1692 clarioris
603 1647 661 1694 sedis
671 1647 808 1694 alacritatem
819 1648 852 1696 fs-
904 1663 905 1684 l

189 1723 248 1760 rens,
259 1709 287 1754 sd
296 1709 408 1755 triremem
419 1709 545 1756 Romanam
553 1711 663 1772 perrexit:
676 1712 852 1774 paventibusque

189 1772 295 1820 inusitato
314 1775 440 1834 spectaculo
462 1775 541 1829 nautis,
562 1790 589 1821 eo
609 1776 801 1829 conscendit-ubi
818 1778 850 1832 Q.

189 1837 283 1899 Ogulnii
293 1838 361 1901 legati
372 1840 537 1886 tabernaculum
547 1846 609 1897 erat;
625 1841 693 1900 inque
706 1839 852 1903 muldplicenr

190 1904 274 1958 orbern,
291 1919 331 1965 per
345 1919 454 1950 summum
465 1904 562 1964 quietem
573 1911 608 1950 est
618 1905 758 1950 convolutus.
788 1905 850 1954 Tum
904 1909 905 1918 ¹

86 1979 90 1984 '
188 1968 263 2030 legati,
280 1969 371 2030 perinde
384 1976 451 2029 atque
465 1969 750 2030 exoptataereicompotes,
762 1968 851 2031 expletd
904 1979 905 2004 ³

187 2033 308 2096 gratiarum
325 2035 419 2086 actione,
436 2033 540 2092 cultuque
550 2033 630 2094 unguis
640 2047 654 2078 s
663 2033 739 2094 peritis
749 2044 849 2096 accepto,

187 2097 234 2144 laeti
250 2098 301 2145 inde
318 2099 439 2144 solverunt.
469 2096 512 2149 Ac,
524 2111 651 2158 prosperam
662 2097 745 2143 emensi
757 2101 850 2162 naviga.
904 2101 905 2144 ζ

187 2162 279 2217 tionem,
299 2169 416 2224 postquam
436 2159 530 2206 Antium
549 2161 686 2222 appulerunt,
706 2163 795 2223 anguis,
813 2164 849 2224 qui

188 2227 269 2286 ubique
284 2227 308 2272 in
323 2226 413 2288 navigio
428 2233 569 2278 remanserat,
580 2225 695 2286 prolapsus
705 2227 729 2270 in
741 2227 849 2274 vestibulo

189 2289 243 2335 sedis
261 2289 392 2351 AEseulapii
412 2297 487 2350 myrto
504 2289 654 2350 frequentibus
675 2290 742 2338 ramis
764 2288 850 2340 diffusa
904 2283 905 2316 ³

189 2354 389 2412 supereminentem
405 2355 500 2400 excelsae
515 2353 673 2415 magnitudinis
691 2355 788 2415 palmam
807 2357 850 2404 eir-

189 2415 315 2462 cumdedit:
330 2433 412 2477 perque
422 2425 468 2464 tres
478 2419 525 2464 dies
536 2418 619 2479 positis,
632 2419 710 2478 quibus
720 2420 781 2465 vesci
793 2421 850 2468 sole·

189 2480 234 2531 bet,
252 2493 298 2524 non
316 2480 363 2526 sine
379 2496 462 2543 magno
480 2490 542 2530 metu
557 2482 689 2544 legatorum,
707 2497 737 2528 ne
754 2484 808 2530 inde
826 2487 849 2531 in

190 2544 302 2589 triremem
321 2545 401 2592 reverti
419 2546 494 2600 nollet
517 2545 632 2593 Antiensis
653 2547 730 2608 templi
751 2548 848 2610 hospitio

188 2621 249 2661 usus,
267 2609 314 2654 urbi
330 2623 354 2654 se
367 2615 450 2656 nostrae
464 2610 615 2658 advehendum
630 2610 732 2665 restituit,
748 2619 816 2674 stque
826 2614 848 2658 in

189 2671 258 2734 ripum
268 2671 356 2722 Tiberis
372 2673 467 2738 egressis
480 2675 566 2738 legatis,
581 2674 605 2720 in
621 2674 724 2731 insulam,
740 2677 779 2723 uhi
793 2683 849 2726 tem·
