1828 2982
179 187 233 234 &¹6
280 185 362 234 ML.
375 183 513 240 MAXIM]
529 183 582 234 Ias.
594 183 640 234 vl.
659 183 754 236 cas-a

183 313 208 360 in
220 312 305 365 Rostra
315 316 454 378 perductum,
464 315 517 378 quid
528 317 555 364 de
565 313 602 363 Tu
611 315 709 364 Gracchi
718 319 795 362 morte
803 311 856 376 (cua

179 377 220 440 jus
231 394 331 428 sororem
343 381 367 426 in
377 381 519 428 matrimonio
530 377 633 440 hsbebst)
645 381 744 432 smtirst,
755 379 855 426 interro·

181 442 262 504 gasin
274 451 307 498 ut.
319 444 453 492 auctoritate
463 445 577 492 clarissimi
588 444 638 498 viri,
649 445 810 506 inchoatojam
821 442 855 488 in·

182 506 263 554 cendio
274 508 370 554 multum
380 509 511 558 incrementi
522 510 626 572 adjiceret
633 526 642 566 ς
660 509 713 570 quia
728 523 777 556 nou
792 506 854 554 dubi·

184 571 251 625 tabat,
270 573 332 633 quin,
352 581 443 635 propter
457 581 504 621 tam
519 581 602 621 arctam
613 573 752 627 affinitstem,
772 570 854 633 aliquid

182 635 350 744 &interfecti
366 639 485 686 necessarii
502 635 609 688 memorii
625 637 782 684 miserabiliter
798 641 856 684 essct

221 706 307 749 uturus.
327 701 361 748 At
377 702 397 748 is
410 703 463 765 jure
476 718 529 749 eum
543 717 628 750 oaesum
645 703 715 749 videri
731 700 853 762 respondit.

184 761 230 811 cui
241 765 301 811 dicto
312 781 364 812 eum
375 767 462 821 condo,
470 768 588 814 tribunicio
598 767 674 814 furore
684 766 802 820 instituens,
809 765 854 811 rio-

183 827 428 885 lsntersuociamisset.
442 838 458 862 ‘⁴
467 830 593 886 Tscsant,”
604 831 683 892 iuquit,
697 831 804 892 “quibus
813 828 857 876 Its·

183 891 214 940 iis
225 908 323 942 noverca
332 893 394 942 est.”
412 895 470 942 Orto
481 895 562 944 deinde
575 911 696 950 murmure,
715 902 732 925 ‘⁴
739 894 800 941 Noa
810 893 854 942 effi·

183 956 274 1014 cietis,”
282 959 320 1014 nit,
331 966 379 1007 “ut
385 960 471 1007 solutos
478 975 561 1014 vernos,
569 975 626 1022 quos
633 960 737 1022 alligatos
742 955 852 1006 adduxi.”

185 1021 314 1071 Universos
331 1025 426 1087 populus
443 1026 524 1072 iterum
537 1025 565 1072 sb
576 1040 624 1072 uno
633 1024 798 1072 coutumdioso
807 1037 854 1070 onr-

186 1095 263 1150 rsptus
279 1095 327 1138 erat
345 1091 452 1154 (quantus
469 1096 505 1136 est
520 1091 593 1136 honos
610 1085 727 1149 vinoun)
745 1095 771 1136 ct
788 1087 855 1136 saeuit

181 1160 294 1201 actutum.
311 1153 403 1202 Recens
413 1154 524 1204 victorini
540 1155 587 1201 sius
595 1153 742 1208 Numantina,
754 1160 780 1199 et
790 1152 855 1215 patris

186 1215 342 1274 Macedonico,
355 1219 493 1280 devictaeque
576 1218 649 1280 nginis
663 1217 724 1265 auito
738 1218 819 1279 spolio,
830 1231 853 1262 sc

181 1281 281 1330 duorum
299 1299 380 1348 rogum
398 1284 507 1346 Syphacis
522 1291 545 1332 et
556 1282 634 1332 Person
648 1289 700 1330 ants
709 1281 854 1344 triumphales

181 1361 264 1395 currus
276 1345 380 1411 [osteum
397 1350 495 1397 cervices
513 1356 567 1396 tunc
583 1348 652 1395 totius
662 1346 705 1394 fori
715 1341 853 1409 pmcum]

182 1426 226 1458 ors
236 1412 370 1460 clauserunt.
390 1412 441 1461 Nec
452 1413 527 1460 timori
538 1414 614 1461 datum
625 1419 659 1459 est
670 1411 797 1459 silentium:
811 1409 853 1463 ssd.

181 1475 238 1534 quia
248 1476 356 1525 beneficio
367 1478 468 1526 AEmiiiae
480 1477 637 1539 Corneliaequs
647 1475 723 1539 gentis
734 1475 855 1525 multius·

184 1545 225 1585 -tus
237 1538 307 1586 Urbis
322 1549 389 1602 atque
401 1541 474 1590 italiae
492 1542 549 1590 finiti
559 1549 630 1597 erant,
642 1541 704 1604 plebs
714 1539 823 1589 Romana
831 1538 855 1586 li·

178 1603 268 1664 5bertsti
281 1604 392 1667 Scipionis
402 1607 471 1655 libera
481 1622 528 1655 non
538 1608 588 1655 fuit.

219 1667 268 1731 (4.)
284 1667 429 1732 ,Quapropter
440 1673 514 1720 minus
525 1673 600 1720 minui
611 1671 723 1726 debemus.
740 1671 802 1732 quod
812 1684 854 1718 aar·

183 1731 286 1794 piissima
303 1731 348 1783 Cn.
363 1733 465 1797 Pompeii
480 1737 600 1784 auctoritas
617 1737 685 1784 toties
695 1750 748 1782 cum
758 1735 854 1782 liberate
898 1743 899 1747 ’

180 1797 271 1846 inotats
281 1806 332 1856 sst;
351 1813 392 1846 nec
405 1801 456 1846 siae
471 1799 555 1863 magnii
570 1801 649 1848 lmine:
667 1799 774 1861 quoniam
783 1797 853 1846 omn'n

185 1863 277 1924 generis
293 1864 410 1912 hominum
420 1865 519 1912 licentiae
528 1866 624 1912 ludibrio
639 1879 689 1912 esse
699 1861 776 1925 quieti
785 1863 854 1910 {route

186 1928 247 1974 tulit.
273 1926 318 1976 Cn.
335 1927 397 1984 Piso,
415 1945 467 1976 oum
479 1929 600 1977 Manilium
613 1926 719 1991 Crispum
730 1943 795 1976 reum
805 1942 853 1990 age·

112 2026 122 2044 .
186 1999 228 2047 ret,
249 2007 346 2054 eumque
361 1993 476 2041 evidenter
492 2001 611 2042 nocentem
625 1991 698 2056 grstia
709 1991 813 2056 Pompeii
823 1993 852 2038 vi·
897 1993 898 2026 i

182 2055 249 2105 deret
259 2058 320 2120 eripi,
329 2059 425 2120 juvenili
433 2059 518 2120 impetu
528 2073 554 2105 so
565 2057 640 2105 studio
650 2057 799 2105 accusationis
806 2072 851 2120 pro-

186 2129 272 2176 vectus,
292 2123 363 2170 munta
373 2129 396 2172 ot
406 2123 485 2185 gravis
495 2123 588 2170 crimina
599 2123 732 2185 prsepotenti
744 2121 849 2170 defenson'
896 2169 897 2178 ,

184 2187 274 2251 objecit.
289 2185 446 2250 Interrogatus
457 2187 537 2234 deiude
544 2188 572 2234 ab
581 2203 617 2242 oo,
627 2203 667 2234 cur
678 2202 703 2234 se
713 2202 802 2250 quoque
809 2199 849 2234 non

184 2259 306 2305 accusaret,
326 2258 341 2282 ‘⁴
350 2250 416 2307 Ds,”
428 2251 506 2313 inquit,
526 2258 541 2282 “
549 2252 636 2314 praedss
648 2251 781 2312 reipubiicae,
793 2259 821 2305 te,
833 2251 848 2298 si

184 2315 310 2376 p'ostulstus
317 2314 392 2371 fueris,
401 2317 467 2364 civile
474 2315 556 2364 beiium
564 2331 609 2362 non
616 2315 777 2364 excimurum:
788 2317 848 2364 mum

184 2378 214 2424 de
224 2386 265 2425 tuo
275 2380 337 2440 prius
351 2397 418 2440 qusm
436 2383 464 2428 ds
474 2379 564 2428 Manilii
575 2381 648 2442 capite
658 2380 682 2426 in
693 2381 808 2428 consilium
815 2382 848 2444 Ju-

183 2441 245 2486 dices
266 2443 381 2488 mittam.”
410 2443 446 2492 Its
465 2445 544 2492 eodem
562 2445 649 2508 judicio
673 2443 730 2490 duos
750 2445 847 2492 sustinuit

183 2517 249 2558 reon
260 2506 402 2553 socusstione
414 2507 549 2567 Manilium
562 2509 664 2558 libertate
673 2507 815 2570 Pompeium:
827 2516 846 2554 ct

183 2575 261 2609 eorum
272 2566 366 2613 aiterum
377 2569 429 2631 lege
438 2573 532 2634 peregit,
545 2573 641 2620 alterum
651 2571 796 2634 professione,
807 2569 844 2634 qui

184 2625 362 2686 solutu-poterut.

215 2687 265 2751 (ᾧ)
284 2687 346 2750 Qud
355 2694 429 2756 ergo?
440 2696 588 2748 unamooe
599 2697 707 2750 cannes
725 2713 770 2750 non
781 2699 842 2764 ungu
