<?xml version="1.0" encoding="UTF-8"?>
<!DOCTYPE html PUBLIC "-//W3C//DTD XHTML 1.0 Transitional//EN"
    "http://www.w3.org/TR/xhtml1/DTD/xhtml1-transitional.dtd">
<html xmlns="http://www.w3.org/1999/xhtml" xml:lang="en" lang="en">
 <head>
  <title>
</title>
<meta http-equiv="Content-Type" content="text/html;charset=utf-8" />
  <meta name='ocr-system' content='tesseract 3.04.00' />
  <meta name='ocr-capabilities' content='ocr_page ocr_carea ocr_par ocr_line ocrx_word'/>
</head>
<body>
  <div class='ocr_page' id='page_1' title='image "./valeriimaximifa00kappgoog_0097.png"; bbox 0 0 1820 2982; ppageno 0'>
   <div class='ocr_carea' id='block_1_1' title="bbox 166 173 729 228">
    <p class='ocr_par' dir='ltr' id='par_1_1' title="bbox 166 173 729 228">
     <span class='ocr_line' id='line_1_1' title="bbox 166 173 729 228; baseline -0.002 -1"><span class='ocrx_word' id='word_1_1' title='bbox 166 183 199 227; x_wconf 79' lang='grc'><strong>84</strong></span> <span class='ocrx_word' id='word_1_2' title='bbox 273 177 352 228; x_wconf 64' lang='lat' dir='ltr'><strong>vul„</strong></span> <span class='ocrx_word' id='word_1_3' title='bbox 361 175 499 228; x_wconf 84' lang='lat' dir='ltr'>MAXIMI</span> <span class='ocrx_word' id='word_1_4' title='bbox 515 174 568 226; x_wconf 77' lang='lat' dir='ltr'><strong>Lm·</strong></span> <span class='ocrx_word' id='word_1_5' title='bbox 578 173 613 226; x_wconf 82' lang='lat'><strong>11.</strong></span> <span class='ocrx_word' id='word_1_6' title='bbox 629 176 729 228; x_wconf 68' lang='lat' dir='ltr'><strong>oms:</strong></span> 
     </span>
    </p>
   </div>
   <div class='ocr_carea' id='block_1_2' title="bbox 119 307 833 2756">
    <p class='ocr_par' dir='ltr' id='par_1_2' title="bbox 119 307 832 1199">
     <span class='ocr_line' id='line_1_2' title="bbox 165 307 832 372; baseline 0.001 -15"><span class='ocrx_word' id='word_1_7' title='bbox 165 309 361 372; x_wconf 77' lang='lat' dir='ltr'><strong>clerejuuxissent,</strong></span> <span class='ocrx_word' id='word_1_8' title='bbox 378 314 488 354; x_wconf 68' lang='lat' dir='ltr'><strong>serratam</strong></span> <span class='ocrx_word' id='word_1_9' title='bbox 499 307 527 355; x_wconf 82' lang='lat' dir='ltr'><strong>sb</strong></span> <span class='ocrx_word' id='word_1_10' title='bbox 540 307 594 370; x_wconf 81' lang='lat' dir='ltr'><strong>ipsis</strong></span> <span class='ocrx_word' id='word_1_11' title='bbox 608 307 702 369; x_wconf 80' lang='lat' dir='ltr'><strong>putrium</strong></span> <span class='ocrx_word' id='word_1_12' title='bbox 718 311 832 358; x_wconf 81' lang='lat' dir='ltr'><strong>communi</strong></span> 
     </span>
     <span class='ocr_line' id='line_1_3' title="bbox 166 372 832 436; baseline 0 -14"><span class='ocrx_word' id='word_1_13' title='bbox 166 375 229 436; x_wconf 82' lang='lat' dir='ltr'><strong>stirpi</strong></span> <span class='ocrx_word' id='word_1_14' title='bbox 240 374 371 420; x_wconf 79' lang='lat' dir='ltr'><strong>servendum</strong></span> <span class='ocrx_word' id='word_1_15' title='bbox 386 373 492 419; x_wconf 87' lang='lat' dir='ltr'><strong>relicturi.</strong></span> <span class='ocrx_word' id='word_1_16' title='bbox 517 372 629 419; x_wconf 72' lang='lat' dir='ltr'><strong>Salinator</strong></span> <span class='ocrx_word' id='word_1_17' title='bbox 639 388 693 420; x_wconf 86' lang='lat' dir='ltr'><strong>vero</strong></span> <span class='ocrx_word' id='word_1_18' title='bbox 703 380 798 434; x_wconf 80' lang='lat' dir='ltr'><strong>quatuor</strong></span> <span class='ocrx_word' id='word_1_19' title='bbox 808 383 832 423; x_wconf 88' lang='lat' dir='ltr'><strong>et</strong></span> 
     </span>
     <span class='ocr_line' id='line_1_4' title="bbox 166 436 830 500; baseline 0 -14"><span class='ocrx_word' id='word_1_20' title='bbox 166 441 259 500; x_wconf 72' lang='lat' dir='ltr'><strong>triginta</strong></span> <span class='ocrx_word' id='word_1_21' title='bbox 277 439 347 484; x_wconf 85' lang='lat' dir='ltr'><strong>tribus</strong></span> <span class='ocrx_word' id='word_1_22' title='bbox 363 438 422 484; x_wconf 90' lang='lat' dir='ltr'><strong>inter</strong></span> <span class='ocrx_word' id='word_1_23' title='bbox 439 437 529 484; x_wconf 78' lang='lat' dir='ltr'><strong>aersrios</strong></span> <span class='ocrx_word' id='word_1_24' title='bbox 544 436 626 484; x_wconf 80' lang='lat' dir='ltr'><strong>referre</strong></span> <span class='ocrx_word' id='word_1_25' title='bbox 644 451 690 486; x_wconf 84' lang='lat' dir='ltr'><strong>non</strong></span> <span class='ocrx_word' id='word_1_26' title='bbox 706 438 830 498; x_wconf 73' lang='lat' dir='ltr'><strong>dubitavit5</strong></span> 
     </span>
     <span class='ocr_line' id='line_1_5' title="bbox 166 501 832 564; baseline 0.003 -14"><span class='ocrx_word' id='word_1_27' title='bbox 166 503 234 564; x_wconf 89' lang='lat' dir='ltr'><strong>quod,</strong></span> <span class='ocrx_word' id='word_1_28' title='bbox 257 517 308 549; x_wconf 87' lang='lat' dir='ltr'><strong>cum</strong></span> <span class='ocrx_word' id='word_1_29' title='bbox 328 517 353 548; x_wconf 82' lang='lat' dir='ltr'><strong>se</strong></span> <span class='ocrx_word' id='word_1_30' title='bbox 369 501 518 556; x_wconf 74' lang='lat' dir='ltr'><strong>dnmnbssent,</strong></span> <span class='ocrx_word' id='word_1_31' title='bbox 535 509 614 562; x_wconf 82' lang='lat' dir='ltr'><strong>postes</strong></span> <span class='ocrx_word' id='word_1_32' title='bbox 632 503 746 548; x_wconf 85' lang='lat' dir='ltr'><strong>consulem</strong></span> <span class='ocrx_word' id='word_1_33' title='bbox 765 511 832 564; x_wconf 80' lang='lat' dir='ltr'><strong>atque</strong></span> 
     </span>
     <span class='ocr_line' id='line_1_6' title="bbox 165 567 831 628; baseline 0 -13"><span class='ocrx_word' id='word_1_34' title='bbox 165 582 281 615; x_wconf 79' lang='lat' dir='ltr'><strong>censorem</strong></span> <span class='ocrx_word' id='word_1_35' title='bbox 291 567 410 614; x_wconf 79' lang='lat' dir='ltr'><strong>fecissent:</strong></span> <span class='ocrx_word' id='word_1_36' title='bbox 428 567 591 628; x_wconf 71' lang='lat' dir='ltr'>praetexuitque</span> <span class='ocrx_word' id='word_1_37' title='bbox 607 581 705 621; x_wconf 80' lang='lat' dir='ltr'><strong>causum,</strong></span> <span class='ocrx_word' id='word_1_38' title='bbox 723 568 774 627; x_wconf 82' lang='lat' dir='ltr'><strong>quis</strong></span> <span class='ocrx_word' id='word_1_39' title='bbox 790 583 831 615; x_wconf 85' lang='lat' dir='ltr'><strong>ne-</strong></span> 
     </span>
     <span class='ocr_line' id='line_1_7' title="bbox 166 629 830 685; baseline 0 -5"><span class='ocrx_word' id='word_1_40' title='bbox 166 647 230 680; x_wconf 86' lang='lat' dir='ltr'><strong>cesse</strong></span> <span class='ocrx_word' id='word_1_41' title='bbox 245 639 305 679; x_wconf 82' lang='lat' dir='ltr'><strong>esset</strong></span> <span class='ocrx_word' id='word_1_42' title='bbox 319 647 364 685; x_wconf 84' lang='lat' dir='ltr'><strong>ess,</strong></span> <span class='ocrx_word' id='word_1_43' title='bbox 382 632 489 678; x_wconf 83' lang='lat' dir='ltr'><strong>alterutro</strong></span> <span class='ocrx_word' id='word_1_44' title='bbox 505 629 573 684; x_wconf 80' lang='lat' dir='ltr'><strong>iacto,</strong></span> <span class='ocrx_word' id='word_1_45' title='bbox 591 630 684 677; x_wconf 87' lang='lat' dir='ltr'><strong>crimine</strong></span> <span class='ocrx_word' id='word_1_46' title='bbox 700 633 830 680; x_wconf 75' lang='lat' dir='ltr'><strong>temeritatis</strong></span> 
     </span>
     <span class='ocr_line' id='line_1_8' title="bbox 165 695 830 759; baseline 0 -15"><span class='ocrx_word' id='word_1_47' title='bbox 165 697 203 745; x_wconf 87' lang='lat' dir='ltr'><strong>vel</strong></span> <span class='ocrx_word' id='word_1_48' title='bbox 212 696 302 759; x_wconf 87' lang='lat' dir='ltr'><strong>perjurii</strong></span> <span class='ocrx_word' id='word_1_49' title='bbox 313 696 391 743; x_wconf 77' lang='lat' dir='ltr'><strong>teneri.</strong></span> <span class='ocrx_word' id='word_1_50' title='bbox 417 695 494 743; x_wconf 89' lang='lat' dir='ltr'><strong>Uusm</strong></span> <span class='ocrx_word' id='word_1_51' title='bbox 509 695 663 742; x_wconf 77' lang='lat' dir='ltr'><strong>tantummodo</strong></span> <span class='ocrx_word' id='word_1_52' title='bbox 674 695 756 742; x_wconf 85' lang='lat' dir='ltr'><strong>tribum</strong></span> <span class='ocrx_word' id='word_1_53' title='bbox 766 695 830 744; x_wconf 71' lang='lat' dir='ltr'><strong>Mne·</strong></span> 
     </span>
     <span class='ocr_line' id='line_1_9' title="bbox 165 758 829 821; baseline -0.002 -12"><span class='ocrx_word' id='word_1_54' title='bbox 165 762 223 808; x_wconf 82' lang='lat' dir='ltr'><strong>cisun</strong></span> <span class='ocrx_word' id='word_1_55' title='bbox 233 776 327 808; x_wconf 80' lang='lat' dir='ltr'><strong>vacuum</strong></span> <span class='ocrx_word' id='word_1_56' title='bbox 342 758 396 807; x_wconf 77' lang='lat' dir='ltr'><strong>noti</strong></span> <span class='ocrx_word' id='word_1_57' title='bbox 406 761 510 820; x_wconf 88' lang='lat' dir='ltr'><strong>reliquit;</strong></span> <span class='ocrx_word' id='word_1_58' title='bbox 526 775 578 821; x_wconf 85' lang='lat' dir='ltr'><strong>quae</strong></span> <span class='ocrx_word' id='word_1_59' title='bbox 592 775 643 806; x_wconf 91' lang='lat' dir='ltr'><strong>eum</strong></span> <span class='ocrx_word' id='word_1_60' title='bbox 655 758 765 821; x_wconf 75' lang='lat' dir='ltr'><strong>suffragiis</strong></span> <span class='ocrx_word' id='word_1_61' title='bbox 775 763 829 814; x_wconf 86' lang='lat' dir='ltr'><strong>suis,</strong></span> 
     </span>
     <span class='ocr_line' id='line_1_10' title="bbox 165 823 830 887; baseline 0 -15"><span class='ocrx_word' id='word_1_62' title='bbox 165 833 249 872; x_wconf 87' lang='lat' dir='ltr'><strong>utnon</strong></span> <span class='ocrx_word' id='word_1_63' title='bbox 265 827 413 881; x_wconf 77' lang='lat' dir='ltr'><strong>damnatione,</strong></span> <span class='ocrx_word' id='word_1_64' title='bbox 432 825 464 870; x_wconf 80' lang='lat' dir='ltr'><strong>ita</strong></span> <span class='ocrx_word' id='word_1_65' title='bbox 478 839 507 870; x_wconf 89' lang='lat' dir='ltr'><strong>ne</strong></span> <span class='ocrx_word' id='word_1_66' title='bbox 523 825 608 870; x_wconf 88' lang='lat' dir='ltr'>honore</span> <span class='ocrx_word' id='word_1_67' title='bbox 623 823 719 884; x_wconf 91' lang='lat' dir='ltr'><strong>quidem,</strong></span> <span class='ocrx_word' id='word_1_68' title='bbox 737 825 830 887; x_wconf 85' lang='lat' dir='ltr'><strong>dignum</strong></span> 
     </span>
     <span class='ocr_line' id='line_1_11' title="bbox 161 888 830 954; baseline -0.012 -17"><span class='ocrx_word' id='word_1_69' title='bbox 161 891 307 954; x_wconf 77' lang='lat' dir='ltr'><strong>judicaverat.</strong></span> <span class='ocrx_word' id='word_1_70' title='bbox 334 890 410 944; x_wconf 85' lang='lat' dir='ltr'><strong>Qusnr</strong></span> <span class='ocrx_word' id='word_1_71' title='bbox 421 889 544 935; x_wconf 75' lang='lat' dir='ltr'><strong>constantis</strong></span> <span class='ocrx_word' id='word_1_72' title='bbox 555 897 579 934; x_wconf 90' lang='lat' dir='ltr'><strong>et</strong></span> <span class='ocrx_word' id='word_1_73' title='bbox 592 888 706 950; x_wconf 77' lang='lat' dir='ltr'><strong>praevslidi</strong></span> <span class='ocrx_word' id='word_1_74' title='bbox 716 889 777 935; x_wconf 87' lang='lat' dir='ltr'><strong>illum</strong></span> <span class='ocrx_word' id='word_1_75' title='bbox 789 907 830 952; x_wconf 89' lang='lat' dir='ltr'><strong>pu.</strong></span> 
     </span>
     <span class='ocr_line' id='line_1_12' title="bbox 119 950 831 1018; baseline -0.001 -15"><span class='ocrx_word' id='word_1_76' title='bbox 119 950 124 960; x_wconf 72' lang='grc'>’</span> <span class='ocrx_word' id='word_1_77' title='bbox 166 963 240 1003; x_wconf 78' lang='lat' dir='ltr'><strong>tamus</strong></span> <span class='ocrx_word' id='word_1_78' title='bbox 250 955 334 1018; x_wconf 87' lang='lat' dir='ltr'><strong>ingenii</strong></span> <span class='ocrx_word' id='word_1_79' title='bbox 345 955 420 1007; x_wconf 85' lang='lat' dir='ltr'><strong>fuisse,</strong></span> <span class='ocrx_word' id='word_1_80' title='bbox 433 953 471 1014; x_wconf 91' lang='lat' dir='ltr'><strong>qui</strong></span> <span class='ocrx_word' id='word_1_81' title='bbox 479 968 551 1014; x_wconf 83' lang='lat' dir='ltr'><strong>neque</strong></span> <span class='ocrx_word' id='word_1_82' title='bbox 558 953 616 999; x_wconf 85' lang='lat' dir='ltr'><strong>tn&#39;sti</strong></span> <span class='ocrx_word' id='word_1_83' title='bbox 624 952 758 1014; x_wconf 89' lang='lat' dir='ltr'><strong>judiciorum</strong></span> <span class='ocrx_word' id='word_1_84' title='bbox 769 956 831 1002; x_wconf 84' lang='lat' dir='ltr'><strong>exitu</strong></span> 
     </span>
     <span class='ocr_line' id='line_1_13' title="bbox 165 1017 830 1083; baseline -0.002 -16"><span class='ocrx_word' id='word_1_85' title='bbox 165 1021 275 1083; x_wconf 88' lang='lat' dir='ltr'><strong>compelli,</strong></span> <span class='ocrx_word' id='word_1_86' title='bbox 288 1035 360 1081; x_wconf 87' lang='lat' dir='ltr'><strong>neque</strong></span> <span class='ocrx_word' id='word_1_87' title='bbox 374 1021 484 1065; x_wconf 85' lang='lat' dir='ltr'><strong>honorum</strong></span> <span class='ocrx_word' id='word_1_88' title='bbox 497 1017 650 1079; x_wconf 75' lang='lat' dir='ltr'><strong>magnitudine</strong></span> <span class='ocrx_word' id='word_1_89' title='bbox 662 1017 739 1063; x_wconf 82' lang='lat' dir='ltr'>adduci</span> <span class='ocrx_word' id='word_1_90' title='bbox 750 1021 830 1081; x_wconf 90' lang='lat' dir='ltr'><strong>potuit,</strong></span> 
     </span>
     <span class='ocr_line' id='line_1_14' title="bbox 165 1082 832 1148; baseline -0.006 -15"><span class='ocrx_word' id='word_1_91' title='bbox 165 1101 211 1147; x_wconf 89' lang='lat' dir='ltr'><strong>quo</strong></span> <span class='ocrx_word' id='word_1_92' title='bbox 226 1101 251 1133; x_wconf 88' lang='lat' dir='ltr'><strong>se</strong></span> <span class='ocrx_word' id='word_1_93' title='bbox 267 1085 403 1133; x_wconf 74' lang='lat' dir='ltr'>blandiorem</span> <span class='ocrx_word' id='word_1_94' title='bbox 414 1084 439 1130; x_wconf 91' lang='lat' dir='ltr'><strong>in</strong></span> <span class='ocrx_word' id='word_1_95' title='bbox 449 1082 640 1130; x_wconf 81' lang='lat' dir='ltr'><strong>administratione</strong></span> <span class='ocrx_word' id='word_1_96' title='bbox 655 1082 779 1144; x_wconf 73' lang='lat' dir='ltr'><strong>reipublice</strong></span> <span class='ocrx_word' id='word_1_97' title='bbox 790 1101 832 1148; x_wconf 82' lang='lat' dir='ltr'><strong>ge-</strong></span> 
     </span>
     <span class='ocr_line' id='line_1_15' title="bbox 165 1150 611 1199; baseline 0.002 -1"><span class='ocrx_word' id='word_1_98' title='bbox 165 1150 240 1199; x_wconf 85' lang='lat' dir='ltr'><strong>reret!</strong></span> <span class='ocrx_word' id='word_1_99' title='bbox 608 1173 611 1183; x_wconf 67' lang='lat'><strong><em>¹</em></strong></span> 
     </span>
    </p>

    <p class='ocr_par' dir='ltr' id='par_1_3' title="bbox 165 1213 833 1592">
     <span class='ocr_line' id='line_1_16' title="bbox 198 1213 831 1280; baseline -0.006 -16"><span class='ocrx_word' id='word_1_100' title='bbox 198 1213 244 1280; x_wconf 81' lang='lat'>(⁷.)</span> <span class='ocrx_word' id='word_1_101' title='bbox 262 1215 381 1277; x_wconf 85' lang='lat' dir='ltr'><strong>Equestris</strong></span> <span class='ocrx_word' id='word_1_102' title='bbox 390 1229 478 1276; x_wconf 88' lang='lat' dir='ltr'><strong>quoque</strong></span> <span class='ocrx_word' id='word_1_103' title='bbox 486 1213 569 1260; x_wconf 89' lang='lat' dir='ltr'><strong>ordinis</strong></span> <span class='ocrx_word' id='word_1_104' title='bbox 576 1213 635 1260; x_wconf 84' lang='lat' dir='ltr'><strong>bone</strong></span> <span class='ocrx_word' id='word_1_105' title='bbox 642 1227 767 1274; x_wconf 75' lang='lat' dir='ltr'><strong>magnaque</strong></span> <span class='ocrx_word' id='word_1_106' title='bbox 773 1229 831 1276; x_wconf 78' lang='lat' dir='ltr'><strong>pers,</strong></span> 
     </span>
     <span class='ocr_line' id='line_1_17' title="bbox 165 1277 833 1343; baseline 0 -17"><span class='ocrx_word' id='word_1_107' title='bbox 165 1281 321 1342; x_wconf 76' lang='lat' dir='ltr'><strong>quadringenti</strong></span> <span class='ocrx_word' id='word_1_108' title='bbox 328 1283 431 1343; x_wconf 86' lang='lat' dir='ltr'><strong>juvenes,</strong></span> <span class='ocrx_word' id='word_1_109' title='bbox 450 1279 573 1325; x_wconf 76' lang='lat' dir='ltr'><strong>censoriam</strong></span> <span class='ocrx_word' id='word_1_110' title='bbox 591 1285 667 1324; x_wconf 73' lang='lat' dir='ltr'><strong>notum</strong></span> <span class='ocrx_word' id='word_1_111' title='bbox 678 1277 833 1338; x_wconf 80' lang='lat' dir='ltr'><strong>petientesni·</strong></span> 
     </span>
     <span class='ocr_line' id='line_1_18' title="bbox 165 1341 831 1405; baseline 0 -15"><span class='ocrx_word' id='word_1_112' title='bbox 165 1359 204 1392; x_wconf 83' lang='lat' dir='ltr'><strong>nto</strong></span> <span class='ocrx_word' id='word_1_113' title='bbox 222 1346 381 1397; x_wconf 85' lang='lat' dir='ltr'><strong>sustinuerunt,</strong></span> <span class='ocrx_word' id='word_1_114' title='bbox 400 1359 457 1404; x_wconf 88' lang='lat' dir='ltr'><strong>quos</strong></span> <span class='ocrx_word' id='word_1_115' title='bbox 473 1343 509 1389; x_wconf 91' lang='lat' dir='ltr'><strong>M.</strong></span> <span class='ocrx_word' id='word_1_116' title='bbox 527 1342 631 1396; x_wconf 77' lang='lat' dir='ltr'><strong>Valerius</strong></span> <span class='ocrx_word' id='word_1_117' title='bbox 645 1348 669 1389; x_wconf 88' lang='lat' dir='ltr'><strong>et</strong></span> <span class='ocrx_word' id='word_1_118' title='bbox 685 1341 713 1388; x_wconf 91' lang='lat' dir='ltr'><strong>P.</strong></span> <span class='ocrx_word' id='word_1_119' title='bbox 726 1343 831 1405; x_wconf 82' lang='lat' dir='ltr'><strong>Sempro·</strong></span> 
     </span>
     <span class='ocr_line' id='line_1_19' title="bbox 165 1405 829 1470; baseline 0 -16"><span class='ocrx_word' id='word_1_120' title='bbox 165 1409 223 1462; x_wconf 84' lang='lat' dir='ltr'><strong>nius,</strong></span> <span class='ocrx_word' id='word_1_121' title='bbox 233 1409 285 1468; x_wconf 83' lang='lat' dir='ltr'><strong>quis</strong></span> <span class='ocrx_word' id='word_1_122' title='bbox 295 1409 318 1454; x_wconf 92' lang='lat' dir='ltr'><strong>in</strong></span> <span class='ocrx_word' id='word_1_123' title='bbox 331 1405 405 1456; x_wconf 79' lang='lat' dir='ltr'><strong>Sicilii</strong></span> <span class='ocrx_word' id='word_1_124' title='bbox 414 1407 445 1454; x_wconf 86' lang='lat' dir='ltr'><strong>sd·</strong></span> <span class='ocrx_word' id='word_1_125' title='bbox 451 1408 601 1454; x_wconf 88' lang='lat' dir='ltr'><strong>munitionum</strong></span> <span class='ocrx_word' id='word_1_126' title='bbox 612 1422 669 1470; x_wconf 89' lang='lat' dir='ltr'><strong>opus</strong></span> <span class='ocrx_word' id='word_1_127' title='bbox 677 1407 829 1468; x_wconf 78' lang='lat' dir='ltr'><strong>explicandum</strong></span> 
     </span>
     <span class='ocr_line' id='line_1_20' title="bbox 165 1472 831 1536; baseline 0.003 -17"><span class='ocrx_word' id='word_1_128' title='bbox 165 1473 198 1519; x_wconf 90' lang='lat' dir='ltr'><strong>ire</strong></span> <span class='ocrx_word' id='word_1_129' title='bbox 204 1473 269 1535; x_wconf 90' lang='lat' dir='ltr'><strong>jussi,</strong></span> <span class='ocrx_word' id='word_1_130' title='bbox 285 1472 359 1519; x_wconf 85' lang='lat' dir='ltr'><strong>iacere</strong></span> <span class='ocrx_word' id='word_1_131' title='bbox 368 1472 391 1518; x_wconf 94' lang='lat' dir='ltr'><strong>id</strong></span> <span class='ocrx_word' id='word_1_132' title='bbox 408 1473 560 1534; x_wconf 83' lang='lat' dir='ltr'><strong>neglexerant,</strong></span> <span class='ocrx_word' id='word_1_133' title='bbox 575 1473 638 1533; x_wconf 88' lang='lat' dir='ltr'><strong>equis</strong></span> <span class='ocrx_word' id='word_1_134' title='bbox 648 1472 740 1534; x_wconf 87' lang='lat' dir='ltr'><strong>publicis</strong></span> <span class='ocrx_word' id='word_1_135' title='bbox 751 1473 831 1536; x_wconf 81' lang='lat' dir='ltr'><strong>spoliu-</strong></span> 
     </span>
     <span class='ocr_line' id='line_1_21' title="bbox 165 1536 655 1592; baseline -0.002 -8"><span class='ocrx_word' id='word_1_136' title='bbox 165 1545 209 1590; x_wconf 89' lang='lat' dir='ltr'><strong>tos,</strong></span> <span class='ocrx_word' id='word_1_137' title='bbox 221 1537 245 1592; x_wconf 87' lang='lat' dir='ltr'><strong>in</strong></span> <span class='ocrx_word' id='word_1_138' title='bbox 255 1551 374 1583; x_wconf 87' lang='lat' dir='ltr'><strong>numerum</strong></span> <span class='ocrx_word' id='word_1_139' title='bbox 386 1537 514 1583; x_wconf 86' lang='lat' dir='ltr'><strong>aersriorum</strong></span> <span class='ocrx_word' id='word_1_140' title='bbox 527 1536 655 1584; x_wconf 78' lang='lat' dir='ltr'><strong>rendenrnt.</strong></span> 
     </span>
    </p>

    <p class='ocr_par' dir='ltr' id='par_1_4' title="bbox 161 1599 832 2756">
     <span class='ocr_line' id='line_1_22' title="bbox 197 1599 830 1664; baseline 0.006 -18"><span class='ocrx_word' id='word_1_141' title='bbox 197 1599 248 1664; x_wconf 82' lang='lat'><strong>(8.)</strong></span> <span class='ocrx_word' id='word_1_142' title='bbox 265 1600 348 1663; x_wconf 87' lang='lat' dir='ltr'><strong>Turpis</strong></span> <span class='ocrx_word' id='word_1_143' title='bbox 358 1602 424 1648; x_wconf 84' lang='lat' dir='ltr'><strong>etium</strong></span> <span class='ocrx_word' id='word_1_144' title='bbox 436 1603 510 1648; x_wconf 83' lang='lat' dir='ltr'><strong>mettis</strong></span> <span class='ocrx_word' id='word_1_145' title='bbox 521 1617 625 1648; x_wconf 81' lang='lat' dir='ltr'><strong>censores</strong></span> <span class='ocrx_word' id='word_1_146' title='bbox 633 1599 719 1648; x_wconf 81' lang='lat' dir='ltr'><strong>summi</strong></span> <span class='ocrx_word' id='word_1_147' title='bbox 732 1617 783 1648; x_wconf 91' lang='lat' dir='ltr'><strong>cum</strong></span> <span class='ocrx_word' id='word_1_148' title='bbox 795 1619 830 1650; x_wconf 86' lang='lat' dir='ltr'><strong>se-</strong></span> 
     </span>
     <span class='ocr_line' id='line_1_23' title="bbox 165 1665 830 1730; baseline 0.003 -18"><span class='ocrx_word' id='word_1_149' title='bbox 165 1665 259 1712; x_wconf 75' lang='lat' dir='ltr'><strong>veritate</strong></span> <span class='ocrx_word' id='word_1_150' title='bbox 267 1680 356 1726; x_wconf 83' lang='lat' dir='ltr'><strong>poenem</strong></span> <span class='ocrx_word' id='word_1_151' title='bbox 365 1674 495 1728; x_wconf 82' lang='lat' dir='ltr'><strong>exegerunt.</strong></span> <span class='ocrx_word' id='word_1_152' title='bbox 503 1679 506 1687; x_wconf 89' lang='grc'><strong><em>·</em></strong></span> <span class='ocrx_word' id='word_1_153' title='bbox 513 1666 549 1712; x_wconf 90' lang='grc' dir='ltr'><strong>Μ.</strong></span> <span class='ocrx_word' id='word_1_154' title='bbox 558 1667 617 1712; x_wconf 88' lang='lat' dir='ltr'><strong>enim</strong></span> <span class='ocrx_word' id='word_1_155' title='bbox 626 1667 710 1713; x_wconf 83' lang='lat' dir='ltr'><strong>Atilius</strong></span> <span class='ocrx_word' id='word_1_156' title='bbox 718 1667 830 1730; x_wconf 81' lang='lat' dir='ltr'><strong>Regulus,</strong></span> 
     </span>
     <span class='ocr_line' id='line_1_24' title="bbox 165 1729 831 1791; baseline 0.002 -14"><span class='ocrx_word' id='word_1_157' title='bbox 165 1739 189 1778; x_wconf 87' lang='lat' dir='ltr'><strong>et</strong></span> <span class='ocrx_word' id='word_1_158' title='bbox 201 1729 228 1776; x_wconf 86' lang='lat' dir='ltr'><strong>P.</strong></span> <span class='ocrx_word' id='word_1_159' title='bbox 237 1729 320 1777; x_wconf 83' lang='lat' dir='ltr'><strong>Furius</strong></span> <span class='ocrx_word' id='word_1_160' title='bbox 333 1729 419 1784; x_wconf 89' lang='lat' dir='ltr'><strong>Philus,</strong></span> <span class='ocrx_word' id='word_1_161' title='bbox 438 1729 467 1776; x_wconf 88' lang='lat' dir='ltr'><strong>L.</strong></span> <span class='ocrx_word' id='word_1_162' title='bbox 479 1730 599 1777; x_wconf 86' lang='lat' dir='ltr'><strong>Metellum</strong></span> <span class='ocrx_word' id='word_1_163' title='bbox 610 1738 752 1791; x_wconf 73' lang='lat' dir='ltr'><strong>quaestorem,</strong></span> <span class='ocrx_word' id='word_1_164' title='bbox 767 1748 831 1778; x_wconf 89' lang='lat' dir='ltr'><strong>com-</strong></span> 
     </span>
     <span class='ocr_line' id='line_1_25' title="bbox 163 1795 831 1858; baseline 0.001 -17"><span class='ocrx_word' id='word_1_165' title='bbox 163 1796 282 1858; x_wconf 82' lang='lat' dir='ltr'><strong>pluresque</strong></span> <span class='ocrx_word' id='word_1_166' title='bbox 290 1796 377 1856; x_wconf 86' lang='lat' dir='ltr'><strong>equites</strong></span> <span class='ocrx_word' id='word_1_167' title='bbox 384 1795 509 1849; x_wconf 81' lang='lat' dir='ltr'><strong>Romanos,</strong></span> <span class='ocrx_word' id='word_1_168' title='bbox 521 1796 566 1856; x_wconf 91' lang='lat' dir='ltr'><strong>qui,</strong></span> <span class='ocrx_word' id='word_1_169' title='bbox 578 1803 630 1856; x_wconf 85' lang='lat' dir='ltr'><strong>post</strong></span> <span class='ocrx_word' id='word_1_170' title='bbox 640 1795 757 1842; x_wconf 75' lang='lat' dir='ltr'><strong>infeliciter</strong></span> <span class='ocrx_word' id='word_1_171' title='bbox 768 1813 831 1843; x_wconf 88' lang='lat' dir='ltr'><strong>com·</strong></span> 
     </span>
     <span class='ocr_line' id='line_1_26' title="bbox 164 1859 831 1922; baseline 0.003 -16"><span class='ocrx_word' id='word_1_172' title='bbox 164 1860 255 1906; x_wconf 79' lang='lat' dir='ltr'><strong>missurn</strong></span> <span class='ocrx_word' id='word_1_173' title='bbox 267 1859 409 1908; x_wconf 73' lang='lat' dir='ltr'><strong>Cannensem</strong></span> <span class='ocrx_word' id='word_1_174' title='bbox 420 1875 527 1922; x_wconf 83' lang='lat' dir='ltr'><strong>pugnum,</strong></span> <span class='ocrx_word' id='word_1_175' title='bbox 539 1875 591 1907; x_wconf 78' lang='lat' dir='ltr'><strong>cunr</strong></span> <span class='ocrx_word' id='word_1_176' title='bbox 602 1876 629 1906; x_wconf 92' lang='lat' dir='ltr'><strong>ec</strong></span> <span class='ocrx_word' id='word_1_177' title='bbox 640 1861 737 1908; x_wconf 80' lang='lat' dir='ltr'><strong>abituros</strong></span> <span class='ocrx_word' id='word_1_178' title='bbox 748 1877 773 1908; x_wconf 85' lang='lat' dir='ltr'><strong>se</strong></span> <span class='ocrx_word' id='word_1_179' title='bbox 784 1859 831 1908; x_wconf 81' lang='lat' dir='ltr'><strong>Its·</strong></span> 
     </span>
     <span class='ocr_line' id='line_1_27' title="bbox 163 1923 831 1988; baseline 0.001 -16"><span class='ocrx_word' id='word_1_180' title='bbox 163 1923 193 1972; x_wconf 77' lang='lat' dir='ltr'><strong>lit</strong></span> <span class='ocrx_word' id='word_1_181' title='bbox 204 1926 342 1988; x_wconf 79' lang='lat' dir='ltr'><strong>juraverunt,</strong></span> <span class='ocrx_word' id='word_1_182' title='bbox 359 1925 451 1987; x_wconf 82' lang='lat' dir='ltr'><strong>direptis</strong></span> <span class='ocrx_word' id='word_1_183' title='bbox 469 1925 530 1985; x_wconf 88' lang='lat' dir='ltr'><strong>equis</strong></span> <span class='ocrx_word' id='word_1_184' title='bbox 547 1925 647 1986; x_wconf 85' lang='lat' dir='ltr'><strong>publicis,</strong></span> <span class='ocrx_word' id='word_1_185' title='bbox 667 1925 725 1976; x_wconf 87' lang='lat' dir='ltr'><strong>intet</strong></span> <span class='ocrx_word' id='word_1_186' title='bbox 741 1927 831 1974; x_wconf 82' lang='lat' dir='ltr'><strong>aerurius</strong></span> 
     </span>
     <span class='ocr_line' id='line_1_28' title="bbox 164 1988 830 2051; baseline 0 -13"><span class='ocrx_word' id='word_1_187' title='bbox 164 1991 291 2038; x_wconf 81' lang='lat' dir='ltr'><strong>reterendos</strong></span> <span class='ocrx_word' id='word_1_188' title='bbox 301 1997 450 2038; x_wconf 76' lang='lat' dir='ltr'><strong>curaverunt:</strong></span> <span class='ocrx_word' id='word_1_189' title='bbox 469 2004 553 2050; x_wconf 88' lang='lat' dir='ltr'><strong>eosque</strong></span> <span class='ocrx_word' id='word_1_190' title='bbox 562 1989 627 2051; x_wconf 86' lang='lat' dir='ltr'><strong>grsvi</strong></span> <span class='ocrx_word' id='word_1_191' title='bbox 637 1988 691 2036; x_wconf 83' lang='lat' dir='ltr'><strong>noti</strong></span> <span class='ocrx_word' id='word_1_192' title='bbox 701 1988 830 2044; x_wconf 76' lang='lat' dir='ltr'><strong>effecerunt,</strong></span> 
     </span>
     <span class='ocr_line' id='line_1_29' title="bbox 163 2052 831 2118; baseline -0.001 -16"><span class='ocrx_word' id='word_1_193' title='bbox 163 2056 208 2117; x_wconf 91' lang='lat' dir='ltr'><strong>qui,</strong></span> <span class='ocrx_word' id='word_1_194' title='bbox 226 2071 277 2102; x_wconf 89' lang='lat' dir='ltr'><strong>cum</strong></span> <span class='ocrx_word' id='word_1_195' title='bbox 293 2056 318 2101; x_wconf 90' lang='lat' dir='ltr'><strong>in</strong></span> <span class='ocrx_word' id='word_1_196' title='bbox 327 2061 461 2118; x_wconf 77' lang='lat' dir='ltr'><strong>potestatem</strong></span> <span class='ocrx_word' id='word_1_197' title='bbox 474 2052 607 2101; x_wconf 85' lang='lat' dir='ltr'><strong>Hsnnibulis</strong></span> <span class='ocrx_word' id='word_1_198' title='bbox 622 2054 743 2108; x_wconf 84' lang='lat' dir='ltr'><strong>venissent,</strong></span> <span class='ocrx_word' id='word_1_199' title='bbox 762 2055 831 2118; x_wconf 71' lang='lat' dir='ltr'><strong>legati</strong></span> 
     </span>
     <span class='ocr_line' id='line_1_30' title="bbox 162 2118 831 2181; baseline 0 -14"><span class='ocrx_word' id='word_1_200' title='bbox 162 2122 190 2167; x_wconf 80' lang='lat' dir='ltr'><strong>sb</strong></span> <span class='ocrx_word' id='word_1_201' title='bbox 205 2136 233 2167; x_wconf 87' lang='lat' dir='ltr'><strong>eo</strong></span> <span class='ocrx_word' id='word_1_202' title='bbox 244 2121 272 2167; x_wconf 86' lang='lat' dir='ltr'><strong>ed</strong></span> <span class='ocrx_word' id='word_1_203' title='bbox 286 2127 388 2167; x_wconf 80' lang='lat' dir='ltr'><strong>senatum</strong></span> <span class='ocrx_word' id='word_1_204' title='bbox 398 2119 461 2166; x_wconf 87' lang='lat' dir='ltr'><strong>missi</strong></span> <span class='ocrx_word' id='word_1_205' title='bbox 471 2118 499 2166; x_wconf 87' lang='lat' dir='ltr'><strong>de</strong></span> <span class='ocrx_word' id='word_1_206' title='bbox 509 2119 661 2180; x_wconf 82' lang='lat' dir='ltr'><strong>pennutendis</strong></span> <span class='ocrx_word' id='word_1_207' title='bbox 671 2120 771 2181; x_wconf 81' lang='lat' dir='ltr'><strong>captivis,</strong></span> <span class='ocrx_word' id='word_1_208' title='bbox 789 2136 831 2168; x_wconf 79' lang='lat' dir='ltr'><strong>ue·</strong></span> 
     </span>
     <span class='ocr_line' id='line_1_31' title="bbox 162 2182 831 2247; baseline 0.003 -17"><span class='ocrx_word' id='word_1_209' title='bbox 162 2199 207 2246; x_wconf 89' lang='lat' dir='ltr'><strong>que</strong></span> <span class='ocrx_word' id='word_1_210' title='bbox 217 2182 373 2247; x_wconf 74' lang='lat' dir='ltr'><strong>impctrdssent</strong></span> <span class='ocrx_word' id='word_1_211' title='bbox 383 2183 444 2244; x_wconf 90' lang='lat' dir='ltr'><strong>quod</strong></span> <span class='ocrx_word' id='word_1_212' title='bbox 454 2184 565 2244; x_wconf 73' lang='lat' dir='ltr'><strong>petebant,</strong></span> <span class='ocrx_word' id='word_1_213' title='bbox 577 2183 600 2228; x_wconf 90' lang='lat' dir='ltr'><strong>in</strong></span> <span class='ocrx_word' id='word_1_214' title='bbox 613 2183 676 2230; x_wconf 90' lang='lat' dir='ltr'><strong>Urbe</strong></span> <span class='ocrx_word' id='word_1_215' title='bbox 686 2193 831 2232; x_wconf 71' lang='lat' dir='ltr'><strong>manserunts</strong></span> 
     </span>
     <span class='ocr_line' id='line_1_32' title="bbox 162 2247 830 2311; baseline 0.004 -18"><span class='ocrx_word' id='word_1_216' title='bbox 162 2249 215 2309; x_wconf 81' lang='lat' dir='ltr'><strong>quis</strong></span> <span class='ocrx_word' id='word_1_217' title='bbox 224 2257 248 2295; x_wconf 89' lang='lat' dir='ltr'><strong>et</strong></span> <span class='ocrx_word' id='word_1_218' title='bbox 258 2249 365 2296; x_wconf 75' lang='lat' dir='ltr'><strong>Romano</strong></span> <span class='ocrx_word' id='word_1_219' title='bbox 376 2248 480 2311; x_wconf 78' lang='lat' dir='ltr'><strong>sanguini</strong></span> <span class='ocrx_word' id='word_1_220' title='bbox 495 2247 562 2295; x_wconf 85' lang='lat' dir='ltr'><strong>iidem</strong></span> <span class='ocrx_word' id='word_1_221' title='bbox 572 2257 680 2309; x_wconf 85' lang='lat' dir='ltr'><strong>praestsre</strong></span> <span class='ocrx_word' id='word_1_222' title='bbox 693 2251 830 2296; x_wconf 85' lang='lat' dir='ltr'><strong>conveniens</strong></span> 
     </span>
     <span class='ocr_line' id='line_1_33' title="bbox 161 2309 832 2374; baseline 0.006 -16"><span class='ocrx_word' id='word_1_223' title='bbox 161 2319 223 2369; x_wconf 78' lang='lat' dir='ltr'><strong>erst3</strong></span> <span class='ocrx_word' id='word_1_224' title='bbox 241 2323 264 2358; x_wconf 86' lang='lat' dir='ltr'><strong>et</strong></span> <span class='ocrx_word' id='word_1_225' title='bbox 275 2313 312 2358; x_wconf 89' lang='lat' dir='ltr'><strong>M.</strong></span> <span class='ocrx_word' id='word_1_226' title='bbox 329 2309 413 2360; x_wconf 84' lang='lat' dir='ltr'><strong>Atilius</strong></span> <span class='ocrx_word' id='word_1_227' title='bbox 427 2313 532 2374; x_wconf 80' lang='lat' dir='ltr'><strong>Regulus</strong></span> <span class='ocrx_word' id='word_1_228' title='bbox 546 2327 626 2359; x_wconf 84' lang='lat' dir='ltr'><strong>censor</strong></span> <span class='ocrx_word' id='word_1_229' title='bbox 640 2312 754 2374; x_wconf 88' lang='lat' dir='ltr'><strong>perfidisur</strong></span> <span class='ocrx_word' id='word_1_230' title='bbox 766 2322 832 2362; x_wconf 77' lang='lat' dir='ltr'><strong>nota·</strong></span> 
     </span>
     <span class='ocr_line' id='line_1_34' title="bbox 162 2377 831 2440; baseline 0.006 -18"><span class='ocrx_word' id='word_1_231' title='bbox 162 2377 216 2432; x_wconf 79' lang='lat' dir='ltr'><strong>bst3</strong></span> <span class='ocrx_word' id='word_1_232' title='bbox 233 2377 297 2436; x_wconf 88' lang='lat' dir='ltr'><strong>cujus</strong></span> <span class='ocrx_word' id='word_1_233' title='bbox 317 2385 380 2438; x_wconf 82' lang='lat' dir='ltr'><strong>pater</strong></span> <span class='ocrx_word' id='word_1_234' title='bbox 398 2393 438 2439; x_wconf 90' lang='lat' dir='ltr'><strong>per</strong></span> <span class='ocrx_word' id='word_1_235' title='bbox 456 2392 557 2424; x_wconf 84' lang='lat' dir='ltr'><strong>summos</strong></span> <span class='ocrx_word' id='word_1_236' title='bbox 575 2377 686 2426; x_wconf 75' lang='lat' dir='ltr'><strong>cruciatus</strong></span> <span class='ocrx_word' id='word_1_237' title='bbox 708 2379 831 2440; x_wconf 71' lang='lat' dir='ltr'><strong>exspirare,</strong></span> 
     </span>
     <span class='ocr_line' id='line_1_35' title="bbox 162 2439 827 2503; baseline 0.011 -20"><span class='ocrx_word' id='word_1_238' title='bbox 162 2453 230 2500; x_wconf 84' lang='lat' dir='ltr'><strong>qusm</strong></span> <span class='ocrx_word' id='word_1_239' title='bbox 250 2439 327 2486; x_wconf 76' lang='lat' dir='ltr'><strong>fallere</strong></span> <span class='ocrx_word' id='word_1_240' title='bbox 346 2439 549 2503; x_wconf 69' lang='lat' dir='ltr'><strong>Carthaginienses,</strong></span> <span class='ocrx_word' id='word_1_241' title='bbox 570 2442 639 2489; x_wconf 82' lang='lat' dir='ltr'><strong>satius</strong></span> <span class='ocrx_word' id='word_1_242' title='bbox 660 2457 710 2490; x_wconf 86' lang='lat' dir='ltr'><strong>esse</strong></span> <span class='ocrx_word' id='word_1_243' title='bbox 725 2443 827 2490; x_wconf 73' lang='lat' dir='ltr'><strong>duxerat.</strong></span> 
     </span>
     <span class='ocr_line' id='line_1_36' title="bbox 162 2501 829 2578; baseline 0.007 -28"><span class='ocrx_word' id='word_1_244' title='bbox 162 2501 216 2550; x_wconf 85' lang='lat' dir='ltr'><strong>Jsm</strong></span> <span class='ocrx_word' id='word_1_245' title='bbox 227 2503 276 2576; x_wconf 40' lang='lat'><strong>¹¹³3</strong></span> <span class='ocrx_word' id='word_1_246' title='bbox 286 2519 380 2578; x_wconf 77' lang='lat' dir='ltr'><strong>censure</strong></span> <span class='ocrx_word' id='word_1_247' title='bbox 396 2521 426 2552; x_wconf 87' lang='lat' dir='ltr'><strong>ex</strong></span> <span class='ocrx_word' id='word_1_248' title='bbox 438 2505 488 2552; x_wconf 85' lang='lat' dir='ltr'><strong>foro</strong></span> <span class='ocrx_word' id='word_1_249' title='bbox 499 2507 522 2552; x_wconf 91' lang='lat' dir='ltr'><strong>in</strong></span> <span class='ocrx_word' id='word_1_250' title='bbox 533 2513 606 2553; x_wconf 77' lang='lat' dir='ltr'><strong>eastra</strong></span> <span class='ocrx_word' id='word_1_251' title='bbox 621 2507 764 2564; x_wconf 78' lang='lat' dir='ltr'><strong>transcendit,</strong></span> <span class='ocrx_word' id='word_1_252' title='bbox 776 2522 829 2570; x_wconf 70' lang='lat' dir='ltr'><strong>qun</strong></span> 
     </span>
     <span class='ocr_line' id='line_1_37' title="bbox 162 2570 829 2698; baseline 0.01 -22"><span class='ocrx_word' id='word_1_253' title='bbox 162 2570 778 2698; x_wconf 48' lang='lat' dir='ltr'><strong>&#39;‘iil‘&#39;liliiii‘di&#39;3ib’ii‘diffluens,</strong></span> <span class='ocrx_word' id='word_1_254' title='bbox 790 2650 829 2684; x_wconf 63' lang='lat' dir='ltr'><strong>e..</strong></span> 
     </span>
     <span class='ocr_line' id='line_1_38' title="bbox 162 2693 828 2756; baseline 0.012 -16"><span class='ocrx_word' id='word_1_255' title='bbox 162 2707 207 2754; x_wconf 89' lang='lat' dir='ltr'><strong>que</strong></span> <span class='ocrx_word' id='word_1_256' title='bbox 223 2693 328 2756; x_wconf 66' lang='lat' dir='ltr'><strong>adiecisse</strong></span> <span class='ocrx_word' id='word_1_257' title='bbox 339 2697 392 2744; x_wconf 82' lang='lat' dir='ltr'><strong>sutis</strong></span> <span class='ocrx_word' id='word_1_258' title='bbox 403 2699 451 2745; x_wconf 79' lang='lat' dir='ltr'><strong>erit.</strong></span> <span class='ocrx_word' id='word_1_259' title='bbox 475 2697 504 2748; x_wconf 83' lang='lat' dir='ltr'><strong>C.</strong></span> <span class='ocrx_word' id='word_1_260' title='bbox 520 2700 587 2754; x_wconf 76' lang='lat' dir='ltr'><strong>Geta,</strong></span> <span class='ocrx_word' id='word_1_261' title='bbox 599 2715 651 2749; x_wconf 87' lang='lat' dir='ltr'><strong>cum</strong></span> <span class='ocrx_word' id='word_1_262' title='bbox 663 2717 677 2750; x_wconf 82' lang='lat' dir='ltr'><strong>s</strong></span> <span class='ocrx_word' id='word_1_263' title='bbox 687 2700 717 2748; x_wconf 75' lang='lat'><strong>1.</strong></span> <span class='ocrx_word' id='word_1_264' title='bbox 730 2701 828 2754; x_wconf 76' lang='lat' dir='ltr'><strong>Metello</strong></span> 
     </span>
    </p>
   </div>
   <div class='ocr_carea' id='block_1_3' title="bbox 0 0 914 2982">
    <p class='ocr_par' dir='ltr' id='par_1_5' title="bbox 0 0 914 2982">
     <span class='ocr_line' id='line_1_39' title="bbox 0 0 914 2982; baseline 0 0"><span class='ocrx_word' id='word_1_265' title='bbox 0 0 914 2982; x_wconf 95' lang='lat' dir='ltr'><strong> </strong></span> 
     </span>
    </p>
   </div>
  </div>
 </body>
</html>
