1842 2992
176 169 255 220 VAL.
266 169 404 220 Msxtul
420 171 474 222 Lm.
488 170 526 236 ΙΙ.Ι
542 171 636 223 Cnosii
691 191 694 198 ¹
709 175 742 223 '18

73 302 96 350 0
110 301 264 364 specumlum
279 300 412 357 sdmirnbile,
427 309 451 356 et
465 302 592 356 Rudlinuus,
604 308 627 349 et
637 303 745 365 magister

73 367 185 428 equdtusn,
201 374 226 413 et
236 366 314 420 victor,
330 365 400 414 scissd
409 375 480 422 veste,
490 369 629 430 spoliatoque
643 384 744 430 corpore,

72 433 181 486 liotprsun
191 431 318 478 verberibus
324 431 467 480 lacerandus!
480 440 506 480 ut
514 433 536 478 in
545 433 592 480 acie
600 440 745 496 exceptorum

73 497 197 543 cidamum
212 495 304 542 nodosis
318 496 398 544 ictibus
414 513 493 545 cruore
508 505 622 552 renovato,
640 499 746 545 victoris·

74 577 136 614 rum,
154 575 210 621 quus
223 559 292 606 modo
306 561 479 624 speciosissimas
493 562 586 623 adeptus
596 570 651 617 orat,
667 563 746 610 titulos
768 619 770 627 Α

75 632 226 687 respergeret.
261 624 368 672 Precibus
389 627 468 673 deinde
487 626 532 673 suis
552 628 667 674 exercitus
681 643 747 675 occs-

76 691 166 736 sionem
174 689 245 736 Fabio
250 689 396 752 confugiendi
404 692 427 738 in
437 691 522 738 Urbem
532 691 592 738 dedit
598 708 606 748 3
619 693 654 738 ubi
662 691 746 739 frustra
815 723 817 728 ·

76 754 171 812 seustdrs
182 755 288 800 auxillum
299 755 432 817 imploravit.
458 752 537 802 Nihilo
547 757 622 802 minus
632 757 692 803 enim
701 755 748 804 Ps-

76 819 148 881 pirius
158 819 183 865 in
193 817 304 882 exigendi
313 818 382 881 poend
390 821 547 882 perseveravit.
566 819 646 881 Itaque
656 829 747 868 coactus

77 892 113 930 est
127 891 193 946 peter
207 885 262 946 ejus,
278 892 331 946 post
347 885 478 932 dictaturam
495 885 630 945 tertiumque
643 887 747 933 consuls·

78 956 137 1002 tum,
155 963 203 995 rem
221 949 249 995 nd
262 949 369 1011 populum
382 950 499 1003 devocare,
516 949 667 1009 auxiliumque
677 951 748 996 tribu·

77 1028 160 1059 norum
170 1013 241 1076 plebis
252 1014 345 1076 supplex
355 1017 396 1075 pro
406 1013 452 1060 filio
462 1021 545 1076 petere.
577 1013 659 1074 Neque
668 1015 710 1060 hac
721 1030 748 1060 re

78 1079 188 1125 severitas
203 1077 286 1138 Papirii
300 1077 405 1126 refrenari
419 1079 506 1140 potuits
525 1083 639 1130 caeterunr,
657 1093 709 1124 oum
719 1079 747 1124 ub

78 1143 191 1189 universis
207 1143 298 1196 civibus,
316 1150 340 1189 et
355 1143 408 1204 ipsis
425 1141 519 1188 tribunis
536 1141 605 1201 plebis
622 1149 746 1204 rogaretur,

77 1213 175 1254 testatus
185 1213 227 1260 est,
245 1221 291 1252 non
301 1222 392 1269 poenum
406 1206 467 1253 illam
482 1221 507 1253 se
520 1204 598 1259 Fabio,
615 1207 654 1253 sed
664 1206 747 1269 populo

78 1271 195 1324 Romano,
207 1278 230 1318 et
241 1271 361 1318 tribuniuae
371 1272 494 1320 concedere
504 1270 616 1333 potestati.

112 1334 163 1400 (9.)
181 1335 211 1382 L.
224 1351 313 1397 quoque
325 1335 460 1398 Calpurnius
471 1335 533 1390 Piso,
551 1335 636 1390 consul,
654 1351 705 1383 curn
722 1333 746 1382 id

77 1399 244 1449 Sicilislbellum
252 1401 358 1448 adversm
368 1401 477 1464 fugitivos
485 1409 581 1464 gereret,
591 1409 614 1448 et
622 1399 650 1450 C·
661 1401 745 1456 Titius,

77 1466 179 1526 equitum
189 1463 315 1528 praefectus,
331 1465 478 1528 fugitivorum
493 1466 634 1514 multitudine
648 1467 746 1514 hostium

77 1531 253 1584 circumventus,
274 1546 336 1577 orma
356 1532 383 1577 iis
405 1531 536 1586 tradidisset,
558 1532 594 1578 his
614 1531 747 1594 prefectum

77 1595 211 1658 ignominie
218 1595 337 1657 generibus
344 1595 424 1642 affecit.
442 1595 515 1647 Jussit
526 1612 584 1650 eurn,
597 1595 652 1659 togis
661 1597 748 1644 laciniis

77 1660 182 1708 abscissis
192 1661 305 1714 amictum,
316 1658 467 1722 discinctique
477 1659 553 1708 tunicd
559 1661 668 1714 indutum,
681 1661 748 1708 nudis

76 1725 179 1788 pedibus,
196 1739 210 1771 n
225 1739 292 1772 mone
307 1725 331 1770 in
348 1733 438 1773 noctem
452 1741 524 1786 usque
539 1726 567 1772 nd
583 1726 690 1788 principis
706 1741 747 1788 per

78 1805 148 1838 omne
159 1795 247 1851 tempus
257 1789 343 1836 militiae
353 1789 437 1838 ndesae.
455 1789 575 1836 Interdixit
582 1791 649 1837 etism
660 1791 680 1836 ei
692 1805 748 1836 con·

77 1855 166 1902 victum
184 1854 309 1908 hominum,
326 1870 436 1916 usumque
453 1853 594 1902 balnearum:
617 1861 748 1914 turmasque

77 1919 188 1980 equitum,
206 1919 284 1980 quinus
299 1919 425 1981 prefuerat,
443 1918 536 1965 ademtis
551 1918 620 1976 equis,
637 1919 661 1962 in
670 1917 747 1964 fundi·

77 1991 157 2030 torum
173 1983 219 2030 elus
234 1985 379 2046 transcripsit.
405 1983 519 2046 Magnum
535 1981 636 2044 prolecto
652 1981 748 2028 dedecus

77 2048 160 2111 petriz
176 2063 260 2110 magno
276 2047 367 2094 Pisonis
380 2048 461 2096 decore
475 2047 611 2102 vindicatum
626 2052 674 2102 est;
691 2061 749 2106 quo-

78 2113 141 2160 nium
152 2113 242 2173 quidem
253 2113 276 2159 id
285 2113 333 2176 egit
344 2112 406 2167 Piso,
421 2113 501 2173 utqui,
514 2111 633 2173 cupiditste
643 2110 698 2156 vitae
708 2110 749 2156 nd-
830 2117 833 2126 ‘

77 2177 150 2232 ducti,
159 2193 225 2224 cruce
236 2178 372 2239 dignissimis
380 2177 483 2242 fugitivis
490 2185 575 2239 tropaee
583 2176 611 2222 de
619 2190 643 2222 se
652 2181 749 2223 statuero

76 2249 245 2297 concesserant,
253 2243 391 2304 libertatique
399 2258 446 2290 suae
455 2242 529 2290 servili
536 2256 604 2288 manu
612 2239 749 2302 flagitiosum

75 2307 165 2370 imponi
177 2309 260 2370 jugum
277 2323 323 2354 non
339 2309 479 2362 erubuerant,
496 2321 595 2354 amarum
610 2307 667 2352 lucis
681 2321 748 2352 usum
793 2303 802 2312 “

76 2372 240 2433 emetirentur,
249 2381 397 2434 monensque,
409 2387 476 2433 quum
486 2371 611 2420 effeminate
619 2372 747 2427 timuerant,

75 2437 171 2486 viriliter
181 2445 291 2498 optarent.

111 2499 178 2566 (10.)
191 2501 242 2548 Nec
252 2504 327 2548 minus
338 2501 423 2550 Pisone
432 2501 512 2548 aeriter
521 2500 553 2554 Q„
563 2499 672 2548 Metellus
678 2517 686 2558 ;
700 2499 748 2562 qui,

79 2582 134 2614 eum
148 2566 209 2628 opud
220 2565 364 2615 Contrebiam
380 2582 415 2612 res
430 2573 553 2628 gereretur,
570 2565 689 2612 collocutus
699 2581 714 2611 a
724 2579 750 2610 se

80 2632 105 2678 iu
122 2629 219 2692 quddam
236 2632 332 2678 stelione
349 2632 447 2692 quinque
462 2632 572 2683 cohortes,
590 2637 657 2690 atque
675 2644 705 2675 ex
723 2626 751 2673 ed

81 2697 167 2745 viribus
177 2697 276 2745 hostium
287 2697 396 2760 depulsas,
410 2702 509 2758 repetere
520 2695 621 2744 eamdem
633 2694 752 2740 stationem
