1828 2982
73 149 81 185 ³
173 187 257 238 usi.
266 185 404 240 mnxnn
420 187 544 238 ossus.
559 187 653 241 cml.
701 193 746 242 sss

70 333 125 372 cus,
142 315 307 381 imperotorisrs
320 325 462 383 potestatem,
474 319 630 383 speciosissimi
640 321 748 384 triumphi

71 391 221 446 praetextsm,
233 385 313 447 largita
323 392 357 431 est
365 403 371 432 s
388 384 450 440 iecit,
462 393 487 432 ut
497 387 575 432 eodem
582 394 687 448 ternpore
701 395 747 435 tres

72 447 138 494 filios
159 449 293 503 consuleres,
314 465 383 496 unum
402 451 469 514 etism
485 452 611 498 censorium
627 467 653 498 ac
669 452 749 498 trium·

72 513 177 574 phalem,
196 521 219 560 et
237 521 339 574 quartum
356 515 485 576 praetorium
500 515 600 572 videret;
618 523 686 578 utque
702 523 749 564 tres

73 577 137 624 lilios
155 585 249 639 nuptum
264 579 332 633 daret,
350 594 469 640 earumque
483 581 581 627 sobolem
596 581 646 627 sinu
657 597 698 627 suo
710 595 751 628 ex-

75 641 173 704 ciperet.
191 641 239 688 Tot
250 650 332 705 partus,
349 636 383 690 tot
396 644 535 699 incunabula,
548 651 582 690 tot
592 645 667 692 viriles
677 653 746 708 togae,
783 655 789 668 '

75 713 126 753 tem
148 707 226 754 multoe
244 708 353 770 nuptiales
371 709 438 762 faces,
458 709 576 762 honorum,
596 709 746 772 imperiorum,

75 771 156 818 omnis
167 771 261 831 denique
270 773 432 834 gratulationis,
445 789 531 820 summa
539 774 684 832 nbundmrtiu;
697 791 748 822 cum

73 835 171 882 interim
187 837 272 882 nullum
291 836 366 892 funus,
387 837 461 884 nullus
479 839 583 900 gemitus,
605 839 665 884 nulla
682 853 748 887 causo

75 899 185 946 tristitiae,
213 899 305 948 Coelum
319 903 483 964 contemplere:
502 903 541 949 vix
555 909 629 949 tomen
639 903 670 948 ibi
680 905 748 951 telem

75 971 164 1011 statum
181 966 291 1027 reperies3
308 968 411 1028 quonism
428 967 516 1028 quidem
533 967 607 1013 luctus
621 973 645 1013 et
660 968 748 1015 dolores

74 1028 185 1076 Deorum
195 1045 284 1092 quoque
298 1033 425 1092 pectoribus
434 1047 448 1077 s
457 1032 561 1077 maximis
575 1030 662 1078 ustibus
676 1033 748 1094 ossig-

74 1094 126 1140 nsri
142 1094 250 1141 videmus.
270 1095 341 1143 Hunc
355 1104 430 1142 sutem
444 1096 498 1142 vitae
509 1103 583 1141 ectum
595 1097 642 1158 ejus
653 1111 748 1143 consen-

77 1165 162 1205 uncus
175 1158 226 1205 linis
239 1161 339 1222 excepit:
359 1175 455 1220 namque
469 1159 596 1213 Metellum,
613 1159 697 1206 ultimae
712 1175 749 1208 se-

75 1223 178 1270 nectutis
189 1225 259 1286 spstio
270 1224 406 1280 deiuucmm,
415 1225 504 1284 lenique
512 1237 596 1286 genere
602 1223 681 1270 mortis
689 1225 749 1272 inter

76 1287 158 1334 osculs
168 1289 340 1350 complexusque
348 1290 511 1336 carissimorum
519 1289 639 1352 pignorum
649 1289 748 1336 exstinc-

76 1357 137 1406 tum,
147 1352 186 1398 filii
193 1360 216 1400 st
224 1355 301 1416 generi
309 1355 407 1402 humeris
415 1355 462 1401 suis
468 1369 508 1416 per
518 1353 604 1402 Urbem
611 1353 681 1400 iatum
690 1369 748 1417 rogo

76 1417 240 1479 imposuerunt.

111 1479 159 1546 (2)
177 1481 244 1530 Cisra
254 1484 303 1531 haeo
312 1479 418 1531 felicitas:
433 1483 547 1532 obscurior
557 1483 609 1542 ills;
621 1483 660 1531 sed
671 1483 746 1531 (lirino

74 1545 747 1676 fflillliiinhliill'llll‘fflssohlffi

77 1675 188 1737 Pythium
200 1678 334 1724 sciscitatum
345 1679 450 1732 venisset,
462 1693 491 1724 sn
502 1679 580 1739 aliquis
587 1679 714 1725 mortalium
723 1694 748 1726 se

78 1747 141 1788 esset
157 1741 257 1800 felicior;
274 1741 347 1796 Deus,
365 1757 394 1789 ex
412 1744 486 1790 abdito
505 1743 594 1789 sacrarii
612 1757 748 1804 spscuvoce

77 1803 154 1860 missi,
173 1806 272 1868 Agl‘sium
283 1806 429 1869 Psophidium
440 1807 461 1852 ei
471 1807 576 1868 praetulit.
604 1805 629 1852 Is
640 1815 688 1853 eret
699 1808 746 1853 Ar·

79 1869 159 1918 csdum
170 1872 330 1934 pauperrimus,
347 1871 385 1917 sed
396 1871 517 1932 aetstejam
533 1870 619 1916 senior:
636 1871 745 1918 terminos

8 1989 9 1998 ἵ
78 1933 147 1998 agelli
158 1935 192 1982 sui
202 1951 316 1997 nunquam
328 1943 461 1988 excesserat,
476 1933 562 1996 parsuli
573 1935 630 1980 ruris
639 1933 748 1981 fntctibus

79 2015 107 2046 sc
125 2000 274 2061 voluptatibus
296 2007 422 2047 contentus.
451 1998 538 2045 Verum
557 1997 657 2060 profecto
675 2000 747 2045 beatos

79 2064 134 2110 vite
144 2063 211 2110 linem
227 2065 316 2127 Apollo,
329 2079 375 2110 non
389 2063 550 2116 adumbratum,
566 2063 649 2108 oraculi
661 2064 748 2126 sagaci-

79 2135 127 2176 tate
136 2129 266 2190 conspuimus
276 2137 318 2176 est.
346 2128 459 2183 Quocirca
469 2127 591 2174 insolenter
600 2126 690 2188 fulgore
700 2127 747 2173 for-

79 2200 142 2240 tunae
153 2208 199 2240 suae
210 2193 314 2255 glorianti
325 2194 445 2256 rospondit,
465 2200 481 2222 ‘⁴
489 2193 562 2254 magis
573 2208 597 2239 se
607 2193 700 2253 probare
711 2205 748 2238 se-

78 2259 173 2304 curitate
187 2259 261 2306 ridens
271 2259 393 2320 tugurium,
406 2273 473 2320 quum
488 2259 574 2304 tristem
589 2256 648 2303 curis
663 2263 687 2302 et
702 2256 748 2302 sol-

79 2321 227 2369 licitudinibus
245 2324 331 2370 sulam:
357 2339 483 2386 paucasque
504 2323 580 2385 glebas
598 2321 687 2383 pavoris
706 2335 747 2367 sx-

79 2394 158 2450 pertes
176 2401 242 2448 quom
257 2387 403 2450 pinguissima
418 2387 499 2448 Lydios
514 2402 567 2434 orvs
577 2393 639 2433 metu
650 2385 744 2433 referto:

80 2457 104 2498 et
113 2465 182 2498 unum
193 2459 232 2498 sut
240 2453 336 2500 alterum
341 2453 422 2514 jugum
430 2454 498 2498 boum
506 2451 577 2498 facilis
585 2451 669 2503 tutelae,
679 2465 746 2512 quam

81 2516 196 2570 exercim
212 2524 236 2564 et
251 2531 319 2571 uma,
335 2527 359 2564 et
369 2518 491 2578 equitatum
508 2517 625 2562 voracibus
638 2515 746 2578 impensis

78 2593 210 2628 onesomrm
228 2589 252 2628 et
263 2583 318 2628 ustis
332 2581 451 2628 necessarii
465 2581 592 2627 horreolum
608 2580 663 2626 nulli
678 2581 745 2626 nimis

80 2644 231 2708 oppetentium,
244 2661 311 2707 quam
322 2647 439 2694 thesauros
453 2645 553 2692 omnium
567 2645 654 2692 insidiis
667 2653 691 2692 et
705 2659 746 2691 ou-

81 2709 205 2774 piiitstsbus
220 2709 361 2775 expositos”
389 2709 426 2759 Its
445 2711 534 2773 Gyges,
554 2710 607 2758 dum
626 2709 747 2774 sdstipuls-
