1820 2982
149 178 229 230 aas.
241 178 380 231 manant
396 179 451 230 aa
464 151 629 232 macana
690 185 722 232 os

49 311 166 380 publicam
181 315 308 374 oppressam
319 317 413 367 teneret,
424 311 542 375 palamque
554 311 674 368 dictitaret,
686 307 723 360 in:

50 385 152 428 serenato
171 384 257 432 senatu,
277 377 353 424 omnia
369 393 411 439 per
427 378 515 439 plebem
534 377 571 440 agi
587 378 681 436 debere3
698 381 722 426 in

50 445 128 492 aedem
147 441 215 504 Fidei
230 442 317 503 publice
335 443 453 488 convocati
472 441 552 489 Patres
571 445 689 506 conscripti
707 461 723 495 a

49 508 150 557 consule
161 506 241 552 Mucio
253 505 362 560 Scaevolai,
378 507 484 567 quidnam
498 508 522 552 in
536 508 574 554 tali
590 515 723 570 tempestate

50 573 184 621 faciendum
200 579 265 625 esset,
286 572 441 618 deliberabant.
473 569 611 633 cunctisque
628 589 723 620 censen·

52 641 123 691 tibus,
134 643 161 683 ut
171 635 250 683 consul
260 636 327 683 armis
335 636 492 698 rempublicam
501 644 609 692 tueretur,
620 639 724 687 Scaevola

51 703 157 766 negavit,
174 701 330 762 nequidquam
342 701 364 746 vi
375 709 544 748 esseacturum.
571 701 632 748 Tum
648 704 723 766 Scipio

52 768 150 821 Nasica,
174 773 190 795 “
203 764 342 820 Quoniam‚”
363 765 443 827 inquit,
466 767 579 819 “oonsul,
596 767 650 814 dum
665 771 724 831 juris

52 833 160 880 ordinem
175 831 281 890 sequitur,
297 830 320 876 id
336 831 390 892 agit,
408 838 434 878 ut
450 846 501 877 cum
518 832 621 878 omnibus
637 833 724 896 legibus

52 898 189 945 Romanum
199 896 317 958 imperium
328 903 424 950 corruat,
434 903 525 958 egomet
533 897 632 958 priuatus
643 900 725 945 volun-

51 963 96 1010 tati
107 967 192 1010 vestrae
203 976 240 1006 me
251 961 329 1006 ducem
341 959 410 1007 offero
418 959 443 1007 :’'
460 977 487 1008 ac
498 961 577 1007 deinde
587 961 668 1008 laevam
677 979 725 1010 ma-

51 1043 111 1075 num
120 1033 185 1088 parte
196 1033 257 1087 togae
268 1025 420 1079 circumdedit,
433 1024 563 1086 sublatique
573 1025 664 1072 dexteri
673 1039 726 1089 pro;

50 1091 176 1140 clamavit:
193 1097 209 1120 “
219 1089 265 1144 Qut
274 1091 430 1152 rempublicam
440 1091 523 1136 salvam
533 1105 582 1136 esse
592 1091 679 1145 volunt,
688 1109 727 1140 me

52 1163 181 1218 sequantur
188 1153 214 1202 :’'
226 1153 296 1215 eique
306 1171 363 1202 voce
373 1156 515 1202 cunctatione
522 1155 632 1200 bonorum
643 1157 725 1204 civium

51 1218 167 1274 discussi,
178 1221 314 1272 Gracchum,
324 1235 375 1266 cum
387 1217 495 1266 scelerati
501 1217 605 1273 factione,
615 1235 670 1280 quas
679 1236 726 1270 me-

54 1289 148 1335 rebatur
159 1299 244 1347 poenas,
256 1285 384 1346 persolvere
394 1285 477 1346 coegit.
738 1331 740 1338 ,

89 1347 159 1415 (18.)
178 1347 244 1402 Item,
262 1364 313 1395 curn
333 1349 522 1411 tribunusplebis
542 1349 683 1406 Saturninus,
704 1361 728 1401 et

54 1423 143 1480 praetor
155 1413 257 1466 Glaucia,
269 1421 293 1460 et
303 1412 410 1473 Equitius
419 1415 550 1476 designatus
564 1416 666 1463 tribunus
680 1417 727 1480 ple-

54 1483 99 1536 bis,
113 1479 225 1526 maximos
236 1479 259 1524 in
271 1477 361 1523 civitate
372 1477 449 1524 nostrai
459 1479 592 1526 seditionum
604 1489 679 1528 motus
687 1498 728 1529 ex.

54 1545 173 1597 citissent,
191 1558 233 1588 nec
252 1542 368 1604 qnisquam
385 1557 410 1588 se
425 1545 507 1604 populo
526 1545 638 1592 concitato
657 1563 729 1609 oppo-

55 1617 138 1668 neret;
155 1608 252 1670 primum
272 1605 309 1652 Μ.
325 1605 431 1653 AEmilius
451 1609 548 1654 Scaurus
568 1608 596 1657 C.
616 1610 726 1670 Marium,

55 1675 202 1723 consulatum
217 1677 305 1718 sextum
316 1679 439 1733 gerentem,
451 1673 554 1719 hortatus
568 1681 610 1729 est,
622 1684 648 1722 ut
661 1675 729 1725 liber.

55 1749 129 1790 tatem
143 1739 251 1800 legesque
264 1751 333 1782 manu
348 1735 490 1794 defenderet3
506 1737 652 1799 protinusque
666 1757 729 1792 arma
763 1779 766 1789 ,

56 1805 101 1854 sibi
121 1801 195 1850 afferri
210 1801 285 1864 jussit.
311 1799 399 1854 Quibus
417 1800 496 1854 allatis,
515 1799 594 1847 ultima
613 1812 729 1854 senectute

57 1867 189 1919 confectum
200 1875 223 1912 et
231 1880 296 1926 paene
304 1865 412 1926 dilapsum
421 1879 502 1925 corpus
508 1863 588 1918 induit,
601 1867 730 1929 spiculoque

57 1934 153 1982 innixus
161 1928 281 1978 antefores
291 1929 360 1976 curiae
374 1929 482 1983 constitit,
494 1944 520 1975 aa
528 1928 626 1989 parvulis
634 1937 729 1981 extremi

59 1997 154 2062 spiritis
172 1995 277 2056 reliquiis,
298 2010 327 2042 ne
346 1993 469 2056 respublica
490 1992 619 2054 exspiraret,
639 1993 727 2046 eiieoitr

60 2058 207 2128 [praesentid]
218 2060 277 2106 enim
288 2059 356 2106 arrimi
365 2060 399 2104 sui
408 2065 510 2105 senatum
520 2064 544 2104 et
554 2065 681 2118 equestrem
692 2078 730 2110 or.

60 2129 138 2176 dinem
148 2125 178 2174 ad
187 2125 309 2172 vindictam
319 2123 452 2185 exigendam
463 2122 559 2186 impulit.

95 2189 162 2256 (19.)
175 2189 228 2243 Sed,
240 2196 266 2235 ut
277 2190 377 2250 superius
388 2203 501 2235 armorum
512 2194 535 2235 et
545 2194 615 2250 togae,
627 2188 658 2237 ita
669 2206 730 2242 nune

60 2259 129 2306 etlam
145 2255 243 2303 siderum
259 2254 342 2300 clarum
358 2253 433 2307 decus,
450 2253 526 2300 divum
540 2252 634 2309 Julium,
651 2257 730 2304 uertis-

61 2323 142 2372 simam
158 2335 219 2367 verae
232 2317 323 2366 virtutis
333 2317 438 2380 effigiem,
450 2326 642 2380 repraesentemus
669 2319 730 2371 Cum

62 2384 219 2435 innumerabili
229 2382 372 2430 multitudine
382 2389 405 2430 et
414 2381 483 2430 feroci
495 2383 581 2446 impetu
591 2383 730 2436 Nerviorum

62 2451 165 2500 inclinari
176 2449 320 2498 aciemsuam
331 2447 424 2501 videret,
436 2447 536 2495 timidius
546 2453 655 2512 pugnanti
666 2454 731 2500 militi

63 2523 155 2563 scutum
164 2513 267 2567 detraxit,
277 2527 349 2572 eoque
356 2518 430 2559 tectim
437 2513 544 2561 acerrime
551 2515 647 2575 proeliari
656 2520 733 2580 caepit.

65 2581 121 2636 Quo
131 2579 192 2626 tacto
202 2576 355 2624 torarudinem
366 2591 406 2638 pes
416 2583 489 2622 totum
504 2578 625 2625 exereitum
636 2580 732 2636 diffudit,

64 2646 222 2703 labentemque
231 2642 283 2688 belli
293 2640 406 2689 fortunam
417 2640 493 2687 divino
504 2641 571 2692 animi
582 2643 660 2690 ardore
669 2637 735 2692 resti.

66 2711 118 2758 urit.
144 2707 208 2758 tuso
219 2706 263 2758 atio
274 2705 354 2769 proelio
368 2704 465 2768 minan
479 2703 571 2754 Martiae
585 2707 733 2768 aquiliferum,
