1842 2992
210 172 289 224 VAL
302 171 547 224 MAXIMUM.
567 171 628 226 cas
643 177 665 222 l·
745 179 777 224 ts

96 304 587 354 naumurummmsaevtenn
603 310 802 368 genten-quse,

97 386 129 418 ne
139 371 271 433 injuriarum
282 370 372 432 quidem
386 370 505 418 acerbitate
519 370 547 417 ab
558 385 639 419 eorum
650 369 712 418 cultu
723 369 773 417 abs-

98 436 180 483 terreri
190 435 296 499 potuerit.

376 541 498 602 Neglectn.

131 629 203 696 (16.)
225 629 346 681 ‘Creditum
361 638 407 685 -est,
428 631 554 678 Varronem
577 629 692 678 consulem
713 629 773 691 apud

104 694 264 745 Gannascum
279 695 500 758 Carthaginiensibus
515 704 560 744 tam
576 695 693 742 infeliciter
707 695 773 741 dimi-

103 759 167 808 sisse
182 762 211 808 ob
225 761 280 808 iram
293 761 406 819 lunonis3
422 762 489 822 quod,
505 777 556 808 cum
571 761 636 808 ludos
651 757 773 808 Circenses

103 825 174 873 sedilis
184 825 274 880 faceret,
286 826 311 872 in
321 825 387 874 Jovis
398 825 484 888 Optimi
493 825 590 872 Maximi
599 825 682 886 templo
691 819 774 871 eximid

100 889 260 954 neiepuerum
271 891 402 938 histrionem
412 891 440 937 ad
451 891 555 938 excubias
566 890 673 936 tenendas
714 890 773 936 suis-

102 962 151 1002 set:
170 956 231 1018 quod
240 955 331 1010 iactum,
347 963 398 1018 post
413 956 498 1016 aliquot
508 969 579 1002 annos
590 969 665 1000 memo
677 953 682 965 '
708 969 773 1016 repe-

101 1021 177 1072 n'tum,
189 1019 302 1067 sacrificiis
312 1021 425 1083 expiatum
436 1028 478 1066 est.

131 1083 202 1149 (17.)
225 1083 339 1132 Hercules
357 1099 448 1146 quoque
466 1084 572 1130 detractae
591 1082 706 1144 religionis
725 1097 774 1128 suae

102 1157 127 1198 et
141 1163 235 1212 gravem
250 1157 274 1196 et
289 1149 430 1196 manifestam
445 1162 536 1210 poenam
551 1147 654 1207 exegisse
669 1145 771 1192 traditur.

46 1273 50 1282 ι
103 1213 174 1267 Nam,
191 1229 243 1262 cnm
258 1213 336 1261 Potitii
351 1227 465 1261 mcronrm
482 1213 530 1274 ejus
545 1211 612 1257 ritum
629 1211 716 1274 (quem,
731 1225 773 1272 pro

104 1279 165 1326 dono
175 1279 239 1341 genti
244 1293 326 1326 eorum
340 1280 367 1326 ab
379 1278 431 1340 ipso
443 1277 590 1340 assignatum,
606 1275 669 1322 velut
679 1274 774 1322 haeredi·

103 1343 184 1392 tarium
199 1341 359 1404 obtinuerant),
372 1349 468 1390 auctore
481 1342 556 1404 Appio
572 1356 672 1404 censore,
688 1339 717 1387 ad
731 1340 774 1386 hu-

102 1409 156 1458 rnila
176 1423 292 1456 samonum
313 1407 460 1454 ministerium
479 1405 646 1454 transtulissent
653 1422 661 1462 ;
685 1419 772 1458 omnes,

102 1474 142 1537 qui
152 1480 318 1522 erratuumero
330 1488 395 1535 super
406 1472 498 1534 triginta
506 1471 607 1534 puberes,
619 1470 678 1517 intra
688 1484 773 1516 annum

103 1538 210 1588 exstincti
220 1545 288 1596 strnt3
305 1551 431 1598 nomenque
443 1535 559 1590 Potitium,
576 1536 600 1581 in
612 1535 728 1582 duodecim
738 1533 773 1581 fa·

103 1604 176 1652 miliae
186 1602 292 1657 divisum,
303 1617 373 1666 prope
382 1601 473 1648 interiit.
492 1601 581 1664 Appius
591 1615 645 1648 vero
653 1599 774 1647 luminibus

101 1675 204 1797 Ἢ)
219 1733 281 1781 Acer
295 1732 362 1781 etiam
374 1731 408 1779 sui
419 1731 517 1778 numinis
527 1731 611 1780 vindex
622 1731 645 1778 A
674 1729 713 1783 llo,
726 1728 772 1790 qui,

104 1796 244 1860 Carthagine
253 1813 267 1846 a
277 1797 388 1845 Romanis
396 1794 509 1859 oppressit,
521 1804 584 1844 veste
592 1812 632 1843 aur
667 1795 772 1848 nudatus,

103 1865 127 1912 id
145 1863 201 1925 egit,
223 1869 250 1909 ut
270 1863 386 1925 sacrilegae
403 1877 483 1908 manns
503 1861 562 1907 inter
579 1859 706 1922 fragmenta
724 1859 774 1920 ejus

103 1929 197 1978 abscisse
206 1927 367 1975 invenirentur.
391 1925 505 1978 Brennus,
519 1925 638 1972 Gallorum
649 1925 702 1976 dux,
714 1921 774 1968 Del-

103 1993 155 2057 phis
165 1992 278 2055 Apollinis
285 1992 393 2056 templum
401 1991 524 2056 ingressus,
536 1988 584 2037 Dei
593 1988 709 2036 voluntate
716 1985 740 2032 in
749 2001 774 2033 se

104 2071 185 2106 manus
195 2058 270 2106 ves-dt.

137 2120 204 2187 (19.)
219 2121 271 2170 Nec
281 2122 355 2169 minus
366 2121 446 2170 efficax
456 2121 516 2168 ultor
527 2123 648 2168 contemtos
659 2115 774 2179 religionis

102 2188 164 2238 filius
174 2203 263 2250 quoque
273 2187 322 2250 q'us
332 2185 483 2248 AEsculapius,
495 2186 534 2247 qui
548 2189 701 2232 consecratum
715 2188 774 2228 tem-

102 2255 142 2318 plo
153 2268 195 2300 suo
204 2253 281 2300 lucum
292 2267 306 2299 a
315 2250 419 2299 Turullio
429 2250 536 2313 praefecto
547 2247 649 2302 Antonii,
666 2247 694 2294 ad
704 2261 774 2293 naves

102 2317 255 2372 olfaciendss,
270 2314 354 2380 magni
369 2330 398 2363 ex
410 2323 473 2378 parte
488 2315 599 2362 succisum
614 2313 698 2367 dolens,
716 2312 774 2358 inter

101 2386 177 2448 ipsum
187 2381 297 2430 nefarium
307 2381 454 2428 ministerium
463 2379 556 2427 deuictis
563 2380 662 2442 partibus
670 2375 773 2429 Antonii,

102 2448 197 2510 impuio
213 2445 311 2496 Caesaris
324 2447 459 2493 destinatum
474 2445 541 2492 morti
551 2443 685 2496 Turullium,
702 2440 774 2488 mani-

101 2513 167 2562 festis
182 2511 281 2559 numinis
293 2511 328 2558 sui
338 2511 430 2564 viribus,
442 2525 494 2557 eum
505 2510 613 2556 inlocum
625 2522 691 2569 quem
703 2505 774 2552 viola-

102 2585 174 2631 verat,
187 2577 269 2634 traxit3
282 2575 406 2636 effecitque,
419 2582 444 2621 ut
451 2576 480 2622 ibi
491 2575 631 2636 potissimum
642 2588 656 2618 a
666 2569 773 2615 militibus

102 2641 241 2692 Cosmianis
250 2642 345 2694 occisus,
361 2641 440 2688 eodem
456 2640 532 2693 exitio,
549 2646 572 2686 et
587 2636 671 2684 eversis
678 2636 725 2696 jam
737 2647 774 2678 ar-

100 2708 193 2756 borib-ts
202 2721 282 2772 peenas
292 2707 371 2760 lueret,
382 2714 406 2753 et
416 2705 488 2754 adbuc
500 2703 654 2766 superantibus
668 2695 774 2746 immuni-
