1820 2982
197 179 247 224 lta
293 173 371 226 VAL
383 173 523 225 Maxlutx
539 173 594 225 lara,
605 171 652 223 lv.
671 174 765 254 Cam..
780 251 782 258 ,

195 313 258 418 :appui
244 313 290 376 tam
283 305 451 418 etpraguificurn,
456 305 521 369 'quod
528 319 574 353 nou
581 303 736 354 ‘moderatiore
743 302 855 368 temperari

259 386 283 418 er
378 385 379 390 ¹
543 381 546 395 ⁴

278 637 280 644 y
324 575 384 627 Car.
399 576 514 627 IL-Da
525 575 730 627 Rewacitr'at'ione.

198 713 218 754 1.
233 707 269 756 M.
280 707 368 756 AEmilii
384 707 471 772 Lepidi,
490 717 513 757 et
545 714 567 756 4.
582 707 618 756 M.
627 708 657 756 Τ.
667 705 783 758 Ciceronis
794 715 817 756 et
827 709 855 754 A.

242 777 244 789 ¹
291 773 327 820 M.
338 773 413 821 Fulvii
429 773 511 829 Flacci,
640 774 736 821 Gabinii.

217 889 219 896 χ
292 853 418 885 censorum.
544 841 567 886 5.
589 837 618 886 Ρ.
635 837 709 886 clodii
727 836 821 884 Pulchri
838 845 858 884 et

196 906 217 949 2.
237 901 274 949 Μ.
295 902 355 949 Livii
375 903 511 958 Salinatoris,
640 901 670 948 L.
684 901 785 951 Cornelii
799 902 857 948 Leu-

291 975 315 1014 et
326 967 354 1016 C.
366 966 454 1016 Claudii
463 967 513 1015 Ne-
639 967 687 1013 tuli.

291 1033 359 1084 tonis,
372 1033 496 1080 consulum.
545 1037 568 1079 6.
589 1029 618 1078 L·
640 1030 728 1080 Caninii
748 1031 818 1088 Galli,
839 1037 860 1078 et

195 1102 219 1144 3.
244 1095 272 1144 Ρ.
290 1097 392 1144 Africani
414 1098 511 1160 majoris,
642 1095 787 1144 cantoris

291 1169 315 1208 et
333 1161 370 1210 Tr.
388 1161 514 1224 Sempronii
544 1164 568 1210 7.
582 1159 618 1208 Μ.
633 1159 701 1210 Coelii
713 1160 776 1215 Rufi,
793 1168 817 1208 et
828 1159 858 1214 Ω,

293 1226 398 1275 Gracchi.
641 1224 749 1288 Pompeii.

228 1339 289 1394 Quae
302 1339 406 1400 quoniam
421 1339 498 1386 multis
509 1345 532 1386 et
542 1339 607 1386 claris
617 1338 742 1386 suetonius
752 1337 861 1384 illustratr

195 1412 237 1456 est,
258 1405 446 1465 transgrediamur
465 1405 493 1450 ad
511 1405 627 1466 egregium
643 1402 734 1450 humani
750 1402 820 1449 animi
836 1403 861 1448 ab

196 1468 247 1514 odio
258 1468 286 1514 ad
295 1469 390 1529 gratiam
401 1467 527 1524 deflexum
544 1477 568 1515 et
582 1467 670 1528 quidem
683 1481 734 1514 eum
745 1466 801 1514 laeto
812 1467 861 1514 stila

194 1546 360 1594 prosequamur.
378 1532 446 1586 Nam,
459 1532 595 1594 siplacldum
606 1547 667 1578 mare
677 1545 706 1578 ex
715 1545 804 1592 aspero,
818 1547 861 1578 ooe·

194 1597 287 1654 lumque
301 1611 330 1642 ex
345 1597 420 1642 nubilo
436 1612 538 1643 serenum
553 1597 616 1642 hilari
631 1596 736 1656 adspectu
752 1597 859 1652 sentitur;

195 1661 214 1706 si
224 1659 306 1705 bellum
317 1676 371 1722 pace
383 1669 500 1714 mutatum,
516 1661 635 1722 plurimum
645 1659 719 1722 gaudii
730 1659 811 1706 affert:
831 1659 862 1706 ol·

194 1724 307 1771 sensarum
326 1724 393 1772 etiarn
409 1726 515 1772 acerbitas
531 1725 631 1787 deposita
646 1721 739 1770 candidi
756 1725 861 1772 relatione

195 1789 324 1837 celebranda
334 1796 376 1836 est.

227 1851 273 1918 (1.)
290 1854 326 1900 M.
340 1853 447 1901 AEmilius
458 1851 564 1916 lepidus,
577 1853 612 1901 bis
624 1853 709 1908 consul,
721 1859 746 1899 et
760 1851 861 1915 pontifex

193 1919 611 2031 {rt-tilletlltfittlllttl
619 1917 860 2032 tristitiis

192 2049 291 2111 ejsudem
310 2047 461 2109 amplitudinis
479 2048 535 2102 viro,
554 2048 633 2160 gessit.
661 2045 732 2101 Quas,
754 2053 779 2093 ut
798 2045 862 2094 simul

192 2127 297 2159 censores
309 2112 428 2158 renuntiati
443 2120 502 2167 sunt,
518 2113 541 2158 in
575 2127 640 2174 ampo
651 2111 768 2174 deposuit3
786 2111 863 2158 existi·

192 2191 257 2222 mans
274 2191 319 2222 nors
337 2183 441 2239 oportere
456 2192 495 2224 eos
511 2177 603 2238 privatis
620 2177 675 2223 odiis
693 2176 810 2230 dissidere,
828 2174 861 2235 qui
890 2181 891 2196 ¹

191 2240 279 2301 publice
293 2239 380 2289 summi
391 2242 464 2304 Juncti
479 2249 555 2288 essent
569 2247 686 2303 potestate.
713 2238 742 2286 ld
752 2241 862 2302 judicium

193 2305 261 2350 animi
275 2310 323 2367 ejus
334 2313 357 2352 et
366 2321 466 2368 praeseus
476 2313 532 2353 setas
543 2305 702 2366 comprobavit
713 2312 737 2351 et
748 2305 815 2350 nobis
827 2319 862 2349 vo·

192 2374 252 2413 teres
262 2370 374 2414 annalium
386 2370 503 2430 scriptores
513 2369 648 2416 laudandum
659 2369 807 2415 tradiderunt.

226 2427 276 2490 (2.)
296 2431 367 2476 Sicuti
386 2430 446 2479 Livii
462 2445 551 2494 quoque
568 2433 698 2480 Salinatoris
713 2432 860 2479 finiendarum

193 2491 331 2538 simultatum
345 2495 431 2542 illustre
446 2497 563 2544 consilium
573 2499 676 2560 ignotum
687 2497 803 2558 poteritati
814 2509 861 2542 csse

193 2553 319 2619 noluerunt.
345 2555 369 2602 Is
384 2573 486 2622 auraque,
502 2562 545 2608 etsi
560 2560 660 2608 Neronis
672 2561 723 2608 odio
740 2561 823 2608 ardena
838 2561 859 2604 ia

192 2615 295 2690 exsilium
312 2619 519 2679 profectusfuerat,
540 2625 669 2672 tesfimonio
684 2626 732 2688 ejus
748 2625 859 2688 precipue

192 2677 294 2734 ⁸ffl¹⁰t¹¹⁸v
306 2687 388 2739 “men
399 2694 516 2750 postquam
527 2703 580 2740 aum
594 2689 647 2740 inde
659 2697 787 2740 revocatum
799 2689 859 2740 ever
