<?xml version="1.0" encoding="UTF-8"?>
<!DOCTYPE html PUBLIC "-//W3C//DTD XHTML 1.0 Transitional//EN"
    "http://www.w3.org/TR/xhtml1/DTD/xhtml1-transitional.dtd">
<html xmlns="http://www.w3.org/1999/xhtml" xml:lang="en" lang="en">
 <head>
  <title>
</title>
<meta http-equiv="Content-Type" content="text/html;charset=utf-8" />
  <meta name='ocr-system' content='tesseract 3.04.00' />
  <meta name='ocr-capabilities' content='ocr_page ocr_carea ocr_par ocr_line ocrx_word'/>
</head>
<body>
  <div class='ocr_page' id='page_1' title='image "./valeriimaximifa00kappgoog_0072.png"; bbox 0 0 1842 2992; ppageno 0'>
   <div class='ocr_carea' id='block_1_1' title="bbox 168 145 732 204">
    <p class='ocr_par' dir='ltr' id='par_1_1' title="bbox 168 145 732 204">
     <span class='ocr_line' id='line_1_1' title="bbox 168 145 732 204; baseline 0.007 -6"><span class='ocrx_word' id='word_1_1' title='bbox 168 147 246 198; x_wconf 77' lang='lat' dir='ltr'>vn1.</span> <span class='ocrx_word' id='word_1_2' title='bbox 259 145 396 196; x_wconf 82' lang='lat' dir='ltr'>MAXIMI</span> <span class='ocrx_word' id='word_1_3' title='bbox 412 145 467 198; x_wconf 67' lang='lat' dir='ltr'>Lm-</span> <span class='ocrx_word' id='word_1_4' title='bbox 479 147 514 196; x_wconf 87' lang='grc' dir='ltr'>Π.</span> <span class='ocrx_word' id='word_1_5' title='bbox 533 147 594 198; x_wconf 66' lang='lat' dir='ltr'>Cae,</span> <span class='ocrx_word' id='word_1_6' title='bbox 607 153 631 198; x_wconf 76' lang='lat'>4.</span> <span class='ocrx_word' id='word_1_7' title='bbox 699 156 732 204; x_wconf 72' lang='lat'>60</span> 
     </span>
    </p>
   </div>
   <div class='ocr_carea' id='block_1_2' title="bbox 69 277 790 2775">
    <p class='ocr_par' dir='ltr' id='par_1_2' title="bbox 69 277 790 2775">
     <span class='ocr_line' id='line_1_2' title="bbox 71 277 737 342; baseline 0 -14"><span class='ocrx_word' id='word_1_8' title='bbox 71 279 118 328; x_wconf 90' lang='lat' dir='ltr'>ullo</span> <span class='ocrx_word' id='word_1_9' title='bbox 128 279 227 326; x_wconf 85' lang='lat' dir='ltr'>humano</span> <span class='ocrx_word' id='word_1_10' title='bbox 237 277 337 332; x_wconf 85' lang='lat' dir='ltr'>oonsilio,</span> <span class='ocrx_word' id='word_1_11' title='bbox 348 277 445 339; x_wconf 83' lang='lat' dir='ltr'>positum</span> <span class='ocrx_word' id='word_1_12' title='bbox 456 277 505 340; x_wconf 87' lang='lat' dir='ltr'>opis</span> <span class='ocrx_word' id='word_1_13' title='bbox 515 278 637 326; x_wconf 84' lang='lat' dir='ltr'>videbatur.</span> <span class='ocrx_word' id='word_1_14' title='bbox 656 279 737 342; x_wconf 84' lang='lat' dir='ltr'>ltaque</span> 
     </span>
     <span class='ocr_line' id='line_1_3' title="bbox 71 341 738 407; baseline 0.001 -16"><span class='ocrx_word' id='word_1_15' title='bbox 71 343 174 407; x_wconf 72' lang='lat' dir='ltr'>plsmndi</span> <span class='ocrx_word' id='word_1_16' title='bbox 184 343 282 391; x_wconf 85' lang='lat' dir='ltr'>coelestis</span> <span class='ocrx_word' id='word_1_17' title='bbox 296 342 393 388; x_wconf 88' lang='lat' dir='ltr'>numinis</span> <span class='ocrx_word' id='word_1_18' title='bbox 404 341 477 404; x_wconf 70' lang='lat' dir='ltr'>gratid</span> <span class='ocrx_word' id='word_1_19' title='bbox 491 345 620 405; x_wconf 85' lang='lat' dir='ltr'>compositis</span> <span class='ocrx_word' id='word_1_20' title='bbox 634 345 738 392; x_wconf 86' lang='lat' dir='ltr'>carmini-</span> 
     </span>
     <span class='ocr_line' id='line_1_4' title="bbox 70 407 737 472; baseline 0.001 -17"><span class='ocrx_word' id='word_1_21' title='bbox 70 412 113 457; x_wconf 82' lang='lat' dir='ltr'>bus</span> <span class='ocrx_word' id='word_1_22' title='bbox 121 423 204 456; x_wconf 79' lang='lat' dir='ltr'>vacuas</span> <span class='ocrx_word' id='word_1_23' title='bbox 214 422 279 454; x_wconf 87' lang='lat' dir='ltr'>aures</span> <span class='ocrx_word' id='word_1_24' title='bbox 288 407 389 468; x_wconf 72' lang='lat' dir='ltr'>praebuit,</span> <span class='ocrx_word' id='word_1_25' title='bbox 401 407 429 452; x_wconf 83' lang='lat' dir='ltr'>ad</span> <span class='ocrx_word' id='word_1_26' title='bbox 437 407 459 452; x_wconf 94' lang='lat' dir='ltr'>id</span> <span class='ocrx_word' id='word_1_27' title='bbox 467 414 555 468; x_wconf 87' lang='lat' dir='ltr'>tempus</span> <span class='ocrx_word' id='word_1_28' title='bbox 564 407 664 456; x_wconf 80' lang='lat' dir='ltr'>circensi</span> <span class='ocrx_word' id='word_1_29' title='bbox 673 425 737 472; x_wconf 87' lang='lat' dir='ltr'>spec-</span> 
     </span>
     <span class='ocr_line' id='line_1_5' title="bbox 71 471 737 536; baseline -0.012 -14"><span class='ocrx_word' id='word_1_30' title='bbox 71 475 148 522; x_wconf 81' lang='lat' dir='ltr'>taculo</span> <span class='ocrx_word' id='word_1_31' title='bbox 164 479 276 526; x_wconf 85' lang='lat' dir='ltr'>contenta,</span> <span class='ocrx_word' id='word_1_32' title='bbox 293 471 354 532; x_wconf 93' lang='lat' dir='ltr'>quod</span> <span class='ocrx_word' id='word_1_33' title='bbox 369 471 454 532; x_wconf 84' lang='lat' dir='ltr'>primus</span> <span class='ocrx_word' id='word_1_34' title='bbox 469 471 588 526; x_wconf 75' lang='lat' dir='ltr'>Romulus,</span> <span class='ocrx_word' id='word_1_35' title='bbox 607 476 675 536; x_wconf 72' lang='lat' dir='ltr'>raptis</span> <span class='ocrx_word' id='word_1_36' title='bbox 691 475 737 522; x_wconf 71' lang='lat' dir='ltr'>vir.</span> 
     </span>
     <span class='ocr_line' id='line_1_6' title="bbox 71 533 737 601; baseline 0.005 -17"><span class='ocrx_word' id='word_1_37' title='bbox 71 539 163 601; x_wconf 86' lang='lat' dir='ltr'>giuibus</span> <span class='ocrx_word' id='word_1_38' title='bbox 174 535 267 590; x_wconf 83' lang='lat' dir='ltr'>Sabinis,</span> <span class='ocrx_word' id='word_1_39' title='bbox 281 533 426 584; x_wconf 78' lang='lat' dir='ltr'>Consualium</span> <span class='ocrx_word' id='word_1_40' title='bbox 439 537 529 582; x_wconf 89' lang='lat' dir='ltr'>nomine</span> <span class='ocrx_word' id='word_1_41' title='bbox 539 537 664 586; x_wconf 81' lang='lat' dir='ltr'>celebravit.</span> <span class='ocrx_word' id='word_1_42' title='bbox 688 538 737 586; x_wconf 83' lang='lat' dir='ltr'>Ve-</span> 
     </span>
     <span class='ocr_line' id='line_1_7' title="bbox 71 601 738 664; baseline 0.004 -17"><span class='ocrx_word' id='word_1_43' title='bbox 71 617 130 656; x_wconf 85' lang='lat' dir='ltr'>rum,</span> <span class='ocrx_word' id='word_1_44' title='bbox 150 608 176 648; x_wconf 91' lang='lat' dir='ltr'>ut</span> <span class='ocrx_word' id='word_1_45' title='bbox 192 609 292 647; x_wconf 83' lang='lat' dir='ltr'>estmoe</span> <span class='ocrx_word' id='word_1_46' title='bbox 308 601 430 654; x_wconf 89' lang='lat' dir='ltr'>bominum,</span> <span class='ocrx_word' id='word_1_47' title='bbox 447 601 539 661; x_wconf 77' lang='lat' dir='ltr'>paruula</span> <span class='ocrx_word' id='word_1_48' title='bbox 553 602 616 650; x_wconf 88' lang='lat' dir='ltr'>initia</span> <span class='ocrx_word' id='word_1_49' title='bbox 631 603 738 664; x_wconf 79' lang='lat' dir='ltr'>pertinaci</span> 
     </span>
     <span class='ocr_line' id='line_1_8' title="bbox 72 664 739 728; baseline 0.004 -15"><span class='ocrx_word' id='word_1_50' title='bbox 72 667 149 714; x_wconf 83' lang='lat' dir='ltr'>studio</span> <span class='ocrx_word' id='word_1_51' title='bbox 167 664 321 726; x_wconf 89' lang='lat' dir='ltr'>prosequendi,</span> <span class='ocrx_word' id='word_1_52' title='bbox 338 665 497 712; x_wconf 84' lang='lat' dir='ltr'>venerabilibus</span> <span class='ocrx_word' id='word_1_53' title='bbox 512 666 648 728; x_wconf 80' lang='lat' dir='ltr'>ergaDeos</span> <span class='ocrx_word' id='word_1_54' title='bbox 666 669 739 716; x_wconf 84' lang='lat' dir='ltr'>verbis</span> 
     </span>
     <span class='ocr_line' id='line_1_9' title="bbox 69 729 739 794; baseline 0 -16"><span class='ocrx_word' id='word_1_55' title='bbox 69 733 186 794; x_wconf 82' lang='lat' dir='ltr'>juventus,</span> <span class='ocrx_word' id='word_1_56' title='bbox 202 729 250 776; x_wconf 92' lang='lat' dir='ltr'>rudi</span> <span class='ocrx_word' id='word_1_57' title='bbox 261 737 327 788; x_wconf 90' lang='lat' dir='ltr'>atque</span> <span class='ocrx_word' id='word_1_58' title='bbox 336 729 484 790; x_wconf 89' lang='lat' dir='ltr'>incomposito</span> <span class='ocrx_word' id='word_1_59' title='bbox 493 738 558 776; x_wconf 87' lang='lat' dir='ltr'>motu</span> <span class='ocrx_word' id='word_1_60' title='bbox 571 747 689 792; x_wconf 88' lang='lat' dir='ltr'>corporum</span> <span class='ocrx_word' id='word_1_61' title='bbox 700 734 739 794; x_wconf 86' lang='lat' dir='ltr'>jc-</span> 
     </span>
     <span class='ocr_line' id='line_1_10' title="bbox 74 793 739 855; baseline 0.009 -18"><span class='ocrx_word' id='word_1_62' title='bbox 74 795 270 855; x_wconf 60' lang='lat' dir='ltr'>mmegestus</span> <span class='ocrx_word' id='word_1_63' title='bbox 280 793 365 855; x_wconf 82' lang='lat' dir='ltr'>adjecit.</span> <span class='ocrx_word' id='word_1_64' title='bbox 383 793 463 854; x_wconf 85' lang='lat' dir='ltr'>anue</span> <span class='ocrx_word' id='word_1_65' title='bbox 474 810 509 840; x_wconf 89' lang='lat' dir='ltr'>res</span> <span class='ocrx_word' id='word_1_66' title='bbox 516 795 601 840; x_wconf 91' lang='lat' dir='ltr'>ludium</span> <span class='ocrx_word' id='word_1_67' title='bbox 609 809 638 842; x_wconf 82' lang='lat' dir='ltr'>ex</span> <span class='ocrx_word' id='word_1_68' title='bbox 646 795 739 844; x_wconf 73' lang='lat' dir='ltr'>Etrurii</span> 
     </span>
     <span class='ocr_line' id='line_1_11' title="bbox 73 859 739 922; baseline 0.002 -15"><span class='ocrx_word' id='word_1_69' title='bbox 73 859 201 907; x_wconf 85' lang='lat' dir='ltr'>arcessendi</span> <span class='ocrx_word' id='word_1_70' title='bbox 216 872 305 904; x_wconf 85' lang='lat' dir='ltr'>causam</span> <span class='ocrx_word' id='word_1_71' title='bbox 321 859 415 920; x_wconf 86' lang='lat' dir='ltr'>praebuit</span> <span class='ocrx_word' id='word_1_72' title='bbox 420 875 428 916; x_wconf 70' lang='grc' dir='ltr'><strong><em>ς</em></strong></span> <span class='ocrx_word' id='word_1_73' title='bbox 448 860 511 920; x_wconf 89' lang='lat' dir='ltr'>cujus</span> <span class='ocrx_word' id='word_1_74' title='bbox 527 859 607 906; x_wconf 90' lang='lat' dir='ltr'>decora</span> <span class='ocrx_word' id='word_1_75' title='bbox 620 861 739 922; x_wconf 76' lang='lat' dir='ltr'>pernicitas</span> 
     </span>
     <span class='ocr_line' id='line_1_12' title="bbox 73 921 739 984; baseline 0.003 -14"><span class='ocrx_word' id='word_1_76' title='bbox 73 931 165 974; x_wconf 80' lang='lat' dir='ltr'>vetusto</span> <span class='ocrx_word' id='word_1_77' title='bbox 183 936 214 970; x_wconf 83' lang='lat' dir='ltr'>ex</span> <span class='ocrx_word' id='word_1_78' title='bbox 232 937 294 968; x_wconf 90' lang='lat' dir='ltr'>more</span> <span class='ocrx_word' id='word_1_79' title='bbox 313 921 422 972; x_wconf 80' lang='lat' dir='ltr'>caream</span> <span class='ocrx_word' id='word_1_80' title='bbox 440 921 608 984; x_wconf 81' lang='lat' dir='ltr'>Lydorumque,</span> <span class='ocrx_word' id='word_1_81' title='bbox 628 940 642 970; x_wconf 93' lang='lat' dir='ltr'>a</span> <span class='ocrx_word' id='word_1_82' title='bbox 660 926 739 984; x_wconf 88' lang='lat' dir='ltr'>quibus</span> 
     </span>
     <span class='ocr_line' id='line_1_13' title="bbox 74 986 740 1048; baseline 0 -12"><span class='ocrx_word' id='word_1_83' title='bbox 74 988 169 1036; x_wconf 78' lang='lat' dir='ltr'>Etunci</span> <span class='ocrx_word' id='word_1_84' title='bbox 179 987 289 1048; x_wconf 80' lang='lat' dir='ltr'>originem</span> <span class='ocrx_word' id='word_1_85' title='bbox 301 993 424 1039; x_wconf 81' lang='lat' dir='ltr'>traxerunt,</span> <span class='ocrx_word' id='word_1_86' title='bbox 439 987 539 1034; x_wconf 86' lang='lat' dir='ltr'>novitate</span> <span class='ocrx_word' id='word_1_87' title='bbox 548 986 613 1048; x_wconf 66' lang='lat' dir='ltr'>grata</span> <span class='ocrx_word' id='word_1_88' title='bbox 623 987 740 1036; x_wconf 87' lang='lat' dir='ltr'>Romano·</span> 
     </span>
     <span class='ocr_line' id='line_1_14' title="bbox 74 1051 741 1112; baseline 0 -12"><span class='ocrx_word' id='word_1_89' title='bbox 74 1068 125 1100; x_wconf 87' lang='lat' dir='ltr'>rum</span> <span class='ocrx_word' id='word_1_90' title='bbox 145 1051 223 1098; x_wconf 86' lang='lat' dir='ltr'>oculos</span> <span class='ocrx_word' id='word_1_91' title='bbox 240 1051 363 1112; x_wconf 74' lang='lat' dir='ltr'>permulsit.</span> <span class='ocrx_word' id='word_1_92' title='bbox 395 1051 435 1104; x_wconf 87' lang='lat' dir='ltr'>Et,</span> <span class='ocrx_word' id='word_1_93' title='bbox 457 1051 509 1110; x_wconf 76' lang='lat' dir='ltr'>quia</span> <span class='ocrx_word' id='word_1_94' title='bbox 528 1051 602 1096; x_wconf 90' lang='lat' dir='ltr'>ludius</span> <span class='ocrx_word' id='word_1_95' title='bbox 622 1053 681 1112; x_wconf 93' lang='lat' dir='ltr'>apud</span> <span class='ocrx_word' id='word_1_96' title='bbox 701 1069 741 1102; x_wconf 87' lang='lat' dir='ltr'>eos</span> 
     </span>
     <span class='ocr_line' id='line_1_15' title="bbox 76 1113 742 1177; baseline 0.002 -13"><span class='ocrx_word' id='word_1_97' title='bbox 76 1116 169 1166; x_wconf 64' lang='lat' dir='ltr'>Histrio</span> <span class='ocrx_word' id='word_1_98' title='bbox 179 1115 334 1177; x_wconf 75' lang='lat' dir='ltr'>appellabatur,</span> <span class='ocrx_word' id='word_1_99' title='bbox 350 1115 437 1162; x_wconf 86' lang='lat' dir='ltr'>scenico</span> <span class='ocrx_word' id='word_1_100' title='bbox 452 1129 534 1160; x_wconf 90' lang='lat' dir='ltr'>nomen</span> <span class='ocrx_word' id='word_1_101' title='bbox 549 1113 673 1161; x_wconf 85' lang='lat' dir='ltr'>Histrionis</span> <span class='ocrx_word' id='word_1_102' title='bbox 683 1115 742 1166; x_wconf 65' lang='lat' dir='ltr'>indu</span> 
     </span>
     <span class='ocr_line' id='line_1_16' title="bbox 76 1178 741 1230; baseline -0.002 -1"><span class='ocrx_word' id='word_1_103' title='bbox 76 1189 126 1230; x_wconf 89' lang='lat' dir='ltr'>tum</span> <span class='ocrx_word' id='word_1_104' title='bbox 143 1186 185 1227; x_wconf 76' lang='lat' dir='ltr'>sat.</span> <span class='ocrx_word' id='word_1_105' title='bbox 215 1178 326 1226; x_wconf 88' lang='lat' dir='ltr'>Paulatim</span> <span class='ocrx_word' id='word_1_106' title='bbox 339 1179 419 1226; x_wconf 64' lang='lat' dir='ltr'>dende</span> <span class='ocrx_word' id='word_1_107' title='bbox 435 1179 520 1224; x_wconf 88' lang='lat' dir='ltr'>ludicra</span> <span class='ocrx_word' id='word_1_108' title='bbox 533 1193 569 1226; x_wconf 88' lang='lat' dir='ltr'>ars</span> <span class='ocrx_word' id='word_1_109' title='bbox 584 1179 612 1224; x_wconf 89' lang='lat' dir='ltr'>ad</span> <span class='ocrx_word' id='word_1_110' title='bbox 625 1179 741 1228; x_wconf 89' lang='lat' dir='ltr'>satirarum</span> 
     </span>
     <span class='ocr_line' id='line_1_17' title="bbox 75 1243 742 1306; baseline -0.003 -12"><span class='ocrx_word' id='word_1_111' title='bbox 75 1245 158 1294; x_wconf 87' lang='lat' dir='ltr'>modos</span> <span class='ocrx_word' id='word_1_112' title='bbox 168 1243 289 1306; x_wconf 87' lang='lat' dir='ltr'>perrepsit;</span> <span class='ocrx_word' id='word_1_113' title='bbox 305 1244 407 1304; x_wconf 79' lang='lat' dir='ltr'>aquibus</span> <span class='ocrx_word' id='word_1_114' title='bbox 419 1243 504 1304; x_wconf 88' lang='lat' dir='ltr'>primns</span> <span class='ocrx_word' id='word_1_115' title='bbox 515 1243 613 1290; x_wconf 85' lang='lat' dir='ltr'>omnium</span> <span class='ocrx_word' id='word_1_116' title='bbox 624 1245 690 1306; x_wconf 71' lang='lat' dir='ltr'>poeta</span> <span class='ocrx_word' id='word_1_117' title='bbox 700 1243 742 1292; x_wconf 86' lang='lat' dir='ltr'>Li·</span> 
     </span>
     <span class='ocr_line' id='line_1_18' title="bbox 75 1307 740 1369; baseline -0.002 -11"><span class='ocrx_word' id='word_1_118' title='bbox 75 1310 129 1358; x_wconf 80' lang='lat' dir='ltr'>vius</span> <span class='ocrx_word' id='word_1_119' title='bbox 147 1309 176 1356; x_wconf 86' lang='lat' dir='ltr'>ad</span> <span class='ocrx_word' id='word_1_120' title='bbox 195 1307 317 1356; x_wconf 84' lang='lat' dir='ltr'>fabularum</span> <span class='ocrx_word' id='word_1_121' title='bbox 335 1315 467 1368; x_wconf 88' lang='lat' dir='ltr'>argumenta</span> <span class='ocrx_word' id='word_1_122' title='bbox 487 1308 633 1369; x_wconf 74' lang='lat' dir='ltr'>spectantium</span> <span class='ocrx_word' id='word_1_123' title='bbox 655 1310 740 1358; x_wconf 89' lang='lat' dir='ltr'>animos</span> 
     </span>
     <span class='ocr_line' id='line_1_19' title="bbox 76 1370 742 1437; baseline 0 -17"><span class='ocrx_word' id='word_1_124' title='bbox 76 1373 199 1424; x_wconf 69' lang='lat' dir='ltr'>mmstulit.</span> <span class='ocrx_word' id='word_1_125' title='bbox 221 1370 295 1432; x_wconf 83' lang='lat' dir='ltr'>Isque,</span> <span class='ocrx_word' id='word_1_126' title='bbox 308 1372 342 1418; x_wconf 86' lang='lat' dir='ltr'>sui</span> <span class='ocrx_word' id='word_1_127' title='bbox 352 1373 424 1433; x_wconf 87' lang='lat' dir='ltr'>operis</span> <span class='ocrx_word' id='word_1_128' title='bbox 434 1379 503 1428; x_wconf 88' lang='lat' dir='ltr'>actor,</span> <span class='ocrx_word' id='word_1_129' title='bbox 515 1388 574 1427; x_wconf 88' lang='lat' dir='ltr'>cum,</span> <span class='ocrx_word' id='word_1_130' title='bbox 587 1373 667 1435; x_wconf 82' lang='lat' dir='ltr'>saepius</span> <span class='ocrx_word' id='word_1_131' title='bbox 678 1389 691 1421; x_wconf 90' lang='lat' dir='ltr'>a</span> <span class='ocrx_word' id='word_1_132' title='bbox 701 1390 742 1437; x_wconf 91' lang='lat' dir='ltr'>po-</span> 
     </span>
     <span class='ocr_line' id='line_1_20' title="bbox 75 1437 742 1503; baseline 0.003 -17"><span class='ocrx_word' id='word_1_133' title='bbox 75 1438 132 1503; x_wconf 89' lang='lat' dir='ltr'>pulo</span> <span class='ocrx_word' id='word_1_134' title='bbox 148 1443 271 1489; x_wconf 76' lang='lat' dir='ltr'>revocatus,</span> <span class='ocrx_word' id='word_1_135' title='bbox 288 1452 368 1484; x_wconf 89' lang='lat' dir='ltr'>vocem</span> <span class='ocrx_word' id='word_1_136' title='bbox 384 1437 511 1492; x_wconf 82' lang='lat' dir='ltr'>obtudiaaet,</span> <span class='ocrx_word' id='word_1_137' title='bbox 528 1438 625 1486; x_wconf 87' lang='lat' dir='ltr'>adhibito</span> <span class='ocrx_word' id='word_1_138' title='bbox 639 1439 702 1500; x_wconf 89' lang='lat' dir='ltr'>pueri</span> <span class='ocrx_word' id='word_1_139' title='bbox 718 1446 742 1488; x_wconf 88' lang='lat' dir='ltr'>et</span> 
     </span>
     <span class='ocr_line' id='line_1_21' title="bbox 78 1501 739 1566; baseline 0.003 -17"><span class='ocrx_word' id='word_1_140' title='bbox 78 1503 175 1552; x_wconf 85' lang='lat' dir='ltr'>tibicinis</span> <span class='ocrx_word' id='word_1_141' title='bbox 195 1508 311 1554; x_wconf 83' lang='lat' dir='ltr'>concentu,</span> <span class='ocrx_word' id='word_1_142' title='bbox 335 1501 525 1562; x_wconf 80' lang='lat' dir='ltr'>gesticulationem</span> <span class='ocrx_word' id='word_1_143' title='bbox 546 1503 627 1550; x_wconf 85' lang='lat' dir='ltr'>tacitus</span> <span class='ocrx_word' id='word_1_144' title='bbox 645 1505 739 1566; x_wconf 72' lang='lat' dir='ltr'>peregit.</span> 
     </span>
     <span class='ocr_line' id='line_1_22' title="bbox 77 1564 741 1630; baseline 0.003 -17"><span class='ocrx_word' id='word_1_145' title='bbox 77 1566 179 1618; x_wconf 82' lang='lat' dir='ltr'>Atellani</span> <span class='ocrx_word' id='word_1_146' title='bbox 190 1573 264 1612; x_wconf 87' lang='lat' dir='ltr'>autem</span> <span class='ocrx_word' id='word_1_147' title='bbox 275 1566 302 1612; x_wconf 89' lang='lat' dir='ltr'>ab</span> <span class='ocrx_word' id='word_1_148' title='bbox 313 1564 378 1612; x_wconf 80' lang='lat' dir='ltr'>Oscis</span> <span class='ocrx_word' id='word_1_149' title='bbox 389 1566 452 1612; x_wconf 88' lang='lat' dir='ltr'>acciti</span> <span class='ocrx_word' id='word_1_150' title='bbox 466 1573 532 1625; x_wconf 84' lang='lat' dir='ltr'>sunt;</span> <span class='ocrx_word' id='word_1_151' title='bbox 549 1569 608 1628; x_wconf 92' lang='lat' dir='ltr'>quod</span> <span class='ocrx_word' id='word_1_152' title='bbox 618 1583 691 1630; x_wconf 88' lang='lat' dir='ltr'>genus</span> <span class='ocrx_word' id='word_1_153' title='bbox 702 1569 741 1616; x_wconf 89' lang='lat' dir='ltr'>de-</span> 
     </span>
     <span class='ocr_line' id='line_1_23' title="bbox 77 1628 743 1693; baseline -0.002 -12"><span class='ocrx_word' id='word_1_154' title='bbox 77 1631 204 1681; x_wconf 66' lang='lat' dir='ltr'>locutionis</span> <span class='ocrx_word' id='word_1_155' title='bbox 214 1628 294 1678; x_wconf 75' lang='lat' dir='ltr'>Italica</span> <span class='ocrx_word' id='word_1_156' title='bbox 303 1629 420 1676; x_wconf 86' lang='lat' dir='ltr'>severitate</span> <span class='ocrx_word' id='word_1_157' title='bbox 430 1638 583 1692; x_wconf 77' lang='lat' dir='ltr'>temperatum,</span> <span class='ocrx_word' id='word_1_158' title='bbox 598 1633 692 1693; x_wconf 89' lang='lat' dir='ltr'>ideoque</span> <span class='ocrx_word' id='word_1_159' title='bbox 702 1648 743 1680; x_wconf 86' lang='lat' dir='ltr'>ua·</span> 
     </span>
     <span class='ocr_line' id='line_1_24' title="bbox 76 1693 742 1758; baseline -0.002 -13"><span class='ocrx_word' id='word_1_160' title='bbox 76 1711 148 1746; x_wconf 86' lang='lat' dir='ltr'>cuum</span> <span class='ocrx_word' id='word_1_161' title='bbox 163 1693 217 1742; x_wconf 70' lang='lat' dir='ltr'>notd</span> <span class='ocrx_word' id='word_1_162' title='bbox 230 1701 279 1751; x_wconf 83' lang='lat' dir='ltr'>est;</span> <span class='ocrx_word' id='word_1_163' title='bbox 299 1708 350 1740; x_wconf 87' lang='lat' dir='ltr'>nam</span> <span class='ocrx_word' id='word_1_164' title='bbox 361 1709 433 1754; x_wconf 90' lang='lat' dir='ltr'>neque</span> <span class='ocrx_word' id='word_1_165' title='bbox 445 1695 502 1742; x_wconf 89' lang='lat' dir='ltr'>tribu</span> <span class='ocrx_word' id='word_1_166' title='bbox 515 1705 625 1751; x_wconf 83' lang='lat' dir='ltr'>movetur,</span> <span class='ocrx_word' id='word_1_167' title='bbox 642 1712 714 1758; x_wconf 90' lang='lat' dir='ltr'>neque</span> <span class='ocrx_word' id='word_1_168' title='bbox 728 1711 742 1744; x_wconf 82' lang='lat' dir='ltr'>a</span> 
     </span>
     <span class='ocr_line' id='line_1_25' title="bbox 77 1758 464 1819; baseline -0.016 -9"><span class='ocrx_word' id='word_1_169' title='bbox 77 1759 211 1810; x_wconf 77' lang='lat' dir='ltr'>militaribus</span> <span class='ocrx_word' id='word_1_170' title='bbox 220 1758 334 1819; x_wconf 84' lang='lat' dir='ltr'>stipendiis</span> <span class='ocrx_word' id='word_1_171' title='bbox 344 1760 464 1819; x_wconf 87' lang='lat' dir='ltr'>repellitur.</span> 
     </span>
     <span class='ocr_line' id='line_1_26' title="bbox 125 1822 743 1884; baseline 0.002 -14"><span class='ocrx_word' id='word_1_172' title='bbox 125 1822 164 1884; x_wconf 81' lang='lat'>4.)</span> <span class='ocrx_word' id='word_1_173' title='bbox 183 1823 226 1876; x_wconf 87' lang='lat' dir='ltr'>Et,</span> <span class='ocrx_word' id='word_1_174' title='bbox 246 1822 298 1882; x_wconf 87' lang='lat' dir='ltr'>quia</span> <span class='ocrx_word' id='word_1_175' title='bbox 318 1823 393 1870; x_wconf 77' lang='lat' dir='ltr'>caeteri</span> <span class='ocrx_word' id='word_1_176' title='bbox 410 1823 463 1875; x_wconf 93' lang='lat' dir='ltr'>ludi,</span> <span class='ocrx_word' id='word_1_177' title='bbox 482 1823 536 1883; x_wconf 88' lang='lat' dir='ltr'>ipsis</span> <span class='ocrx_word' id='word_1_178' title='bbox 554 1824 743 1883; x_wconf 84' lang='lat' dir='ltr'>appellationibus,</span> 
     </span>
     <span class='ocr_line' id='line_1_27' title="bbox 152 1887 745 1948; baseline -0.002 -12"><span class='ocrx_word' id='word_1_179' title='bbox 152 1888 274 1940; x_wconf 79' lang='lat' dir='ltr'>trahantur,</span> <span class='ocrx_word' id='word_1_180' title='bbox 285 1895 381 1948; x_wconf 88' lang='lat' dir='ltr'>apparet,</span> <span class='ocrx_word' id='word_1_181' title='bbox 397 1901 443 1935; x_wconf 91' lang='lat' dir='ltr'>non</span> <span class='ocrx_word' id='word_1_182' title='bbox 455 1887 573 1933; x_wconf 87' lang='lat' dir='ltr'>absurdum</span> <span class='ocrx_word' id='word_1_183' title='bbox 584 1887 678 1940; x_wconf 72' lang='lat' dir='ltr'>uidetur,</span> <span class='ocrx_word' id='word_1_184' title='bbox 695 1889 745 1936; x_wconf 80' lang='lat' dir='ltr'>Saa-</span> 
     </span>
     <span class='ocr_line' id='line_1_28' title="bbox 77 1949 745 2013; baseline -0.001 -14"><span class='ocrx_word' id='word_1_185' title='bbox 77 1954 191 2006; x_wconf 72' lang='lat' dir='ltr'>eulsribus</span> <span class='ocrx_word' id='word_1_186' title='bbox 200 1951 288 1998; x_wconf 86' lang='lat' dir='ltr'>initium</span> <span class='ocrx_word' id='word_1_187' title='bbox 298 1966 370 2005; x_wconf 87' lang='lat' dir='ltr'>auum,</span> <span class='ocrx_word' id='word_1_188' title='bbox 385 1953 448 2013; x_wconf 84' lang='lat' dir='ltr'>cujus</span> <span class='ocrx_word' id='word_1_189' title='bbox 457 1951 547 2012; x_wconf 85' lang='lat' dir='ltr'>generis</span> <span class='ocrx_word' id='word_1_190' title='bbox 557 1949 631 1998; x_wconf 87' lang='lat' dir='ltr'>minua</span> <span class='ocrx_word' id='word_1_191' title='bbox 641 1953 694 1998; x_wconf 90' lang='lat' dir='ltr'>trita</span> <span class='ocrx_word' id='word_1_192' title='bbox 704 1967 745 1998; x_wconf 87' lang='lat' dir='ltr'>no-</span> 
     </span>
     <span class='ocr_line' id='line_1_29' title="bbox 79 2012 746 2078; baseline -0.007 -12"><span class='ocrx_word' id='word_1_193' title='bbox 79 2019 132 2068; x_wconf 82' lang='lat' dir='ltr'>titia</span> <span class='ocrx_word' id='word_1_194' title='bbox 139 2023 183 2070; x_wconf 84' lang='lat' dir='ltr'>est,</span> <span class='ocrx_word' id='word_1_195' title='bbox 194 2017 292 2063; x_wconf 83' lang='lat' dir='ltr'>reddere.</span> <span class='ocrx_word' id='word_1_196' title='bbox 312 2013 371 2064; x_wconf 87' lang='lat' dir='ltr'>Cum</span> <span class='ocrx_word' id='word_1_197' title='bbox 381 2016 468 2078; x_wconf 82' lang='lat' dir='ltr'>ingenti</span> <span class='ocrx_word' id='word_1_198' title='bbox 477 2012 602 2076; x_wconf 52' lang='lat' dir='ltr'>pestilentiis</span> <span class='ocrx_word' id='word_1_199' title='bbox 613 2013 674 2062; x_wconf 88' lang='lat' dir='ltr'>Urba</span> <span class='ocrx_word' id='word_1_200' title='bbox 685 2017 746 2077; x_wconf 86' lang='lat' dir='ltr'>agri-</span> 
     </span>
     <span class='ocr_line' id='line_1_30' title="bbox 78 2078 745 2146; baseline -0.006 -16"><span class='ocrx_word' id='word_1_201' title='bbox 78 2099 124 2146; x_wconf 87' lang='lat' dir='ltr'>que</span> <span class='ocrx_word' id='word_1_202' title='bbox 135 2087 281 2134; x_wconf 81' lang='lat' dir='ltr'>vastarentur,</span> <span class='ocrx_word' id='word_1_203' title='bbox 293 2078 405 2134; x_wconf 85' lang='lat' dir='ltr'>Valesius,</span> <span class='ocrx_word' id='word_1_204' title='bbox 420 2081 455 2127; x_wconf 86' lang='lat' dir='ltr'>vir</span> <span class='ocrx_word' id='word_1_205' title='bbox 466 2079 572 2140; x_wconf 85' lang='lat' dir='ltr'>locuples,</span> <span class='ocrx_word' id='word_1_206' title='bbox 584 2079 673 2128; x_wconf 79' lang='lat' dir='ltr'>rmticae</span> <span class='ocrx_word' id='word_1_207' title='bbox 683 2082 745 2133; x_wconf 88' lang='lat' dir='ltr'>vitae,</span> 
     </span>
     <span class='ocr_line' id='line_1_31' title="bbox 79 2142 747 2207; baseline -0.012 -9"><span class='ocrx_word' id='word_1_208' title='bbox 79 2148 170 2198; x_wconf 83' lang='lat' dir='ltr'>duobus</span> <span class='ocrx_word' id='word_1_209' title='bbox 184 2144 235 2192; x_wconf 84' lang='lat' dir='ltr'>filiis</span> <span class='ocrx_word' id='word_1_210' title='bbox 249 2151 272 2191; x_wconf 85' lang='lat' dir='ltr'>et</span> <span class='ocrx_word' id='word_1_211' title='bbox 286 2142 331 2192; x_wconf 78' lang='lat' dir='ltr'>filit</span> <span class='ocrx_word' id='word_1_212' title='bbox 344 2144 373 2190; x_wconf 91' lang='lat' dir='ltr'>ad</span> <span class='ocrx_word' id='word_1_213' title='bbox 384 2145 557 2207; x_wconf 83' lang='lat' dir='ltr'>desperationem</span> <span class='ocrx_word' id='word_1_214' title='bbox 569 2159 639 2204; x_wconf 86' lang='lat' dir='ltr'>usque</span> <span class='ocrx_word' id='word_1_215' title='bbox 648 2143 747 2191; x_wconf 88' lang='lat' dir='ltr'>medico·</span> 
     </span>
     <span class='ocr_line' id='line_1_32' title="bbox 80 2209 745 2270; baseline -0.003 -12"><span class='ocrx_word' id='word_1_216' title='bbox 80 2227 132 2262; x_wconf 82' lang='lat' dir='ltr'>rum</span> <span class='ocrx_word' id='word_1_217' title='bbox 149 2209 305 2263; x_wconf 76' lang='lat' dir='ltr'>laborantibus,</span> <span class='ocrx_word' id='word_1_218' title='bbox 322 2224 402 2269; x_wconf 89' lang='lat' dir='ltr'>aquam</span> <span class='ocrx_word' id='word_1_219' title='bbox 419 2210 511 2256; x_wconf 85' lang='lat' dir='ltr'>calidam</span> <span class='ocrx_word' id='word_1_220' title='bbox 525 2209 552 2256; x_wconf 90' lang='lat' dir='ltr'>iis</span> <span class='ocrx_word' id='word_1_221' title='bbox 566 2224 580 2255; x_wconf 91' lang='lat' dir='ltr'>a</span> <span class='ocrx_word' id='word_1_222' title='bbox 593 2209 644 2256; x_wconf 82' lang='lat' dir='ltr'>foco</span> <span class='ocrx_word' id='word_1_223' title='bbox 658 2216 745 2270; x_wconf 87' lang='lat' dir='ltr'>petens,</span> 
     </span>
     <span class='ocr_line' id='line_1_33' title="bbox 80 2272 747 2342; baseline -0.003 -18"><span class='ocrx_word' id='word_1_224' title='bbox 80 2278 179 2342; x_wconf 76' lang='lat' dir='ltr'>genibus</span> <span class='ocrx_word' id='word_1_225' title='bbox 188 2275 262 2328; x_wconf 82' lang='lat' dir='ltr'>nixus,</span> <span class='ocrx_word' id='word_1_226' title='bbox 276 2272 347 2322; x_wconf 84' lang='lat' dir='ltr'>Lares</span> <span class='ocrx_word' id='word_1_227' title='bbox 356 2273 481 2328; x_wconf 81' lang='lat' dir='ltr'>familiares,</span> <span class='ocrx_word' id='word_1_228' title='bbox 496 2281 522 2320; x_wconf 92' lang='lat' dir='ltr'>ut</span> <span class='ocrx_word' id='word_1_229' title='bbox 531 2289 649 2337; x_wconf 88' lang='lat' dir='ltr'>puerorum</span> <span class='ocrx_word' id='word_1_230' title='bbox 660 2275 747 2336; x_wconf 77' lang='lat' dir='ltr'>pericu-</span> 
     </span>
     <span class='ocr_line' id='line_1_34' title="bbox 80 2337 747 2402; baseline 0.001 -15"><span class='ocrx_word' id='word_1_231' title='bbox 80 2343 129 2390; x_wconf 81' lang='lat' dir='ltr'>lum</span> <span class='ocrx_word' id='word_1_232' title='bbox 140 2342 164 2388; x_wconf 91' lang='lat' dir='ltr'>iu</span> <span class='ocrx_word' id='word_1_233' title='bbox 175 2339 245 2402; x_wconf 85' lang='lat' dir='ltr'>ipsius</span> <span class='ocrx_word' id='word_1_234' title='bbox 255 2347 322 2402; x_wconf 86' lang='lat' dir='ltr'>caput</span> <span class='ocrx_word' id='word_1_235' title='bbox 331 2337 482 2392; x_wconf 79' lang='lat' dir='ltr'>transferrent,</span> <span class='ocrx_word' id='word_1_236' title='bbox 494 2339 572 2386; x_wconf 86' lang='lat' dir='ltr'>oravit.</span> <span class='ocrx_word' id='word_1_237' title='bbox 597 2339 654 2387; x_wconf 91' lang='lat' dir='ltr'>Orta</span> <span class='ocrx_word' id='word_1_238' title='bbox 668 2339 747 2388; x_wconf 90' lang='lat' dir='ltr'>deinde</span> 
     </span>
     <span class='ocr_line' id='line_1_35' title="bbox 82 2403 747 2458; baseline 0.002 -8"><span class='ocrx_word' id='word_1_239' title='bbox 82 2421 129 2456; x_wconf 80' lang='lat' dir='ltr'>uox</span> <span class='ocrx_word' id='word_1_240' title='bbox 146 2412 190 2458; x_wconf 83' lang='lat' dir='ltr'>est,</span> <span class='ocrx_word' id='word_1_241' title='bbox 207 2404 332 2450; x_wconf 87' lang='lat' dir='ltr'>habiturum</span> <span class='ocrx_word' id='word_1_242' title='bbox 347 2419 386 2450; x_wconf 90' lang='lat' dir='ltr'>eos</span> <span class='ocrx_word' id='word_1_243' title='bbox 402 2404 482 2456; x_wconf 84' lang='lat' dir='ltr'>salros,</span> <span class='ocrx_word' id='word_1_244' title='bbox 500 2403 518 2449; x_wconf 88' lang='lat' dir='ltr'>si</span> <span class='ocrx_word' id='word_1_245' title='bbox 534 2404 640 2450; x_wconf 92' lang='lat' dir='ltr'>continuo</span> <span class='ocrx_word' id='word_1_246' title='bbox 654 2404 747 2452; x_wconf 87' lang='lat' dir='ltr'>flumine</span> 
     </span>
     <span class='ocr_line' id='line_1_36' title="bbox 82 2465 747 2529; baseline -0.008 -11"><span class='ocrx_word' id='word_1_247' title='bbox 82 2471 159 2518; x_wconf 79' lang='lat' dir='ltr'>Tiberi</span> <span class='ocrx_word' id='word_1_248' title='bbox 167 2470 273 2516; x_wconf 81' lang='lat' dir='ltr'>devectos</span> <span class='ocrx_word' id='word_1_249' title='bbox 280 2468 403 2516; x_wconf 88' lang='lat' dir='ltr'>Tarentum</span> <span class='ocrx_word' id='word_1_250' title='bbox 411 2465 555 2527; x_wconf 73' lang='lat' dir='ltr'>deportdsset,</span> <span class='ocrx_word' id='word_1_251' title='bbox 566 2469 638 2529; x_wconf 90' lang='lat' dir='ltr'>ibique</span> <span class='ocrx_word' id='word_1_252' title='bbox 646 2485 675 2516; x_wconf 88' lang='lat' dir='ltr'>ex</span> <span class='ocrx_word' id='word_1_253' title='bbox 683 2469 747 2516; x_wconf 90' lang='lat' dir='ltr'>Ditis</span> 
     </span>
     <span class='ocr_line' id='line_1_37' title="bbox 81 2529 748 2598; baseline -0.006 -16"><span class='ocrx_word' id='word_1_254' title='bbox 81 2536 152 2598; x_wconf 60' lang='lat' dir='ltr'>puris</span> <span class='ocrx_word' id='word_1_255' title='bbox 162 2541 187 2582; x_wconf 84' lang='lat' dir='ltr'>et</span> <span class='ocrx_word' id='word_1_256' title='bbox 198 2531 339 2594; x_wconf 70' lang='lat' dir='ltr'>Proserpinae</span> <span class='ocrx_word' id='word_1_257' title='bbox 350 2529 388 2578; x_wconf 76' lang='lat' dir='ltr'>aral</span> <span class='ocrx_word' id='word_1_258' title='bbox 398 2530 467 2593; x_wconf 70' lang='lat' dir='ltr'>petitia</span> <span class='ocrx_word' id='word_1_259' title='bbox 476 2530 543 2585; x_wconf 68' lang='lat' dir='ltr'>caldi,</span> <span class='ocrx_word' id='word_1_260' title='bbox 556 2531 682 2580; x_wconf 75' lang='lat' dir='ltr'>recrederet·</span> <span class='ocrx_word' id='word_1_261' title='bbox 708 2533 748 2580; x_wconf 85' lang='lat' dir='ltr'>Eo</span> 
     </span>
     <span class='ocr_line' id='line_1_38' title="bbox 81 2597 790 2663; baseline -0.003 -19"><span class='ocrx_word' id='word_1_262' title='bbox 81 2600 191 2663; x_wconf 61' lang='lat' dir='ltr'>predicto</span> <span class='ocrx_word' id='word_1_263' title='bbox 202 2612 337 2660; x_wconf 80' lang='lat' dir='ltr'>magnopere</span> <span class='ocrx_word' id='word_1_264' title='bbox 347 2597 459 2649; x_wconf 77' lang='lat' dir='ltr'>cordurus,</span> <span class='ocrx_word' id='word_1_265' title='bbox 469 2597 530 2656; x_wconf 85' lang='lat' dir='ltr'>quod</span> <span class='ocrx_word' id='word_1_266' title='bbox 540 2605 563 2644; x_wconf 90' lang='lat' dir='ltr'>et</span> <span class='ocrx_word' id='word_1_267' title='bbox 577 2598 646 2658; x_wconf 90' lang='lat' dir='ltr'>longa</span> <span class='ocrx_word' id='word_1_268' title='bbox 655 2606 679 2644; x_wconf 82' lang='lat' dir='ltr'>at</span> <span class='ocrx_word' id='word_1_269' title='bbox 688 2597 748 2658; x_wconf 88' lang='lat' dir='ltr'>peri-</span> <span class='ocrx_word' id='word_1_270' title='bbox 787 2601 790 2612; x_wconf 86' lang='grc'><em>“</em></span> 
     </span>
     <span class='ocr_line' id='line_1_39' title="bbox 82 2659 748 2727; baseline 0 -17"><span class='ocrx_word' id='word_1_271' title='bbox 82 2665 161 2716; x_wconf 69' lang='lat' dir='ltr'>araba</span> <span class='ocrx_word' id='word_1_272' title='bbox 170 2662 285 2727; x_wconf 78' lang='lat' dir='ltr'>navigatio</span> <span class='ocrx_word' id='word_1_273' title='bbox 293 2661 439 2726; x_wconf 80' lang='lat' dir='ltr'>imperabatur</span> <span class='ocrx_word' id='word_1_274' title='bbox 447 2677 455 2719; x_wconf 81' lang='lat'>3</span> <span class='ocrx_word' id='word_1_275' title='bbox 470 2675 509 2724; x_wconf 85' lang='lat' dir='ltr'>spe</span> <span class='ocrx_word' id='word_1_276' title='bbox 523 2669 597 2710; x_wconf 87' lang='lat' dir='ltr'>tamen</span> <span class='ocrx_word' id='word_1_277' title='bbox 612 2659 678 2710; x_wconf 80' lang='lat' dir='ltr'>dubit</span> <span class='ocrx_word' id='word_1_278' title='bbox 689 2675 748 2721; x_wconf 81' lang='lat' dir='ltr'>prae·</span> 
     </span>
     <span class='ocr_line' id='line_1_40' title="bbox 508 2730 554 2775; baseline -0.109 0"><span class='ocrx_word' id='word_1_279' title='bbox 508 2739 525 2775; x_wconf 75' lang='lat' dir='ltr'><strong>Q</strong></span> <span class='ocrx_word' id='word_1_280' title='bbox 537 2730 554 2770; x_wconf 75' lang='lat'><strong>3</strong></span> 
     </span>
    </p>
   </div>
   <div class='ocr_carea' id='block_1_3' title="bbox 0 0 940 2992">
    <p class='ocr_par' dir='ltr' id='par_1_3' title="bbox 0 0 940 2992">
     <span class='ocr_line' id='line_1_41' title="bbox 0 0 940 2992; baseline 0 0"><span class='ocrx_word' id='word_1_281' title='bbox 0 0 940 2992; x_wconf 95' lang='lat' dir='ltr'> </span> 
     </span>
    </p>
   </div>
  </div>
 </body>
</html>
