1842 2992
154 172 381 234 mnusxm1
397 183 450 234 us
463 181 498 232 rr.
515 182 610 234 oms.
686 163 717 233 σὲ

45 311 163 361 aurificiis
173 313 233 360 mola
244 313 305 378 (quae
316 313 446 375 vocsbntur)
462 329 490 362 ex
502 313 561 362 farre
572 322 594 362 et
605 314 652 362 sale
662 317 718 360 con'·

46 386 105 426 stat:
123 385 178 426 extu
188 377 401 442 isrrespnrguntur:
418 381 522 442 etpullis,
534 380 718 442 quibussuspicis

46 450 164 504 petuntur,
176 443 226 505 puls
237 445 344 506 objicitur.
367 443 475 490 Primitus
484 445 544 491 enim
555 459 584 491 ex
593 445 719 491 libamentis

46 507 122 554 victus
142 509 178 554 sui
198 506 263 554 Deos
281 523 308 556 eo
326 508 444 563 efficacius,
462 525 506 572 quo
522 509 650 572 simplicius,
670 507 719 572 pin-

78 633 131 700 (6.)
145 633 180 682 Et
190 643 284 682 caeteros
293 637 382 696 quidem
393 637 421 684 sd
430 636 611 684 benefaciendum
622 627 717 684 venem'·

45 700 137 746 buntm.
157 697 253 746 Febrem
264 707 345 754 sutem,
358 701 386 746 sd
396 702 469 747 minus
480 703 612 757 nocendum,
629 703 718 765 templis

46 765 167 811 colebant:
189 779 283 825 quorum
300 765 371 811 adhue
387 781 456 812 unum
472 767 495 811 in
513 763 606 820 Palatio,
623 761 723 813 ulterum'

45 829 68 874 in
76 827 131 876 urei
137 827 293 875 Marianorum
300 831 494 883 monimentorum,
503 829 593 876 tertium
601 831 624 876 in
631 828 719 877 summi

45 899 113 955 parre
124 891 177 939 Vici
189 891 265 955 longi
276 899 356 939 exstat.
375 891 403 939 In
414 909 483 955 esque
494 895 596 948 reruedis,
609 909 659 955 quae
668 910 718 940 cor-

46 958 141 1019 pon'bus
153 971 265 1019 aegrorum
277 972 362 1004 snnexn
369 957 463 1011 fuerant,
476 958 636 1006 deferebantur.
657 957 718 1004 Haec

47 1023 76 1070 sd
87 1023 195 1068 immauae
205 1021 287 1067 mentis
301 1030 369 1068 aestus
382 1023 497 1069 leniendos
511 1037 562 1068 cum
577 1019 650 1084 sliqui
663 1022 718 1070 utils

48 1087 139 1133 ratione
154 1085 296 1147 excogitsts;
316 1093 421 1132 coeterum
438 1086 588 1132 salubritatem
604 1101 666 1132 stum
683 1085 719 1132 in·

47 1150 145 1197 dustriae
155 1150 279 1196 certissimo
291 1165 317 1196 sc
330 1150 458 1198 fidelissimo
472 1149 612 1196 munimento
626 1149 719 1196 tuebun-

47 1221 100 1262 mr:
118 1215 228 1274 bonaeque
238 1215 370 1261 valetudinis
380 1229 458 1260 eorum
466 1214 529 1274 qussi
536 1213 639 1274 quedam
648 1219 719 1259 mater

48 1285 101 1327 erat
117 1276 253 1340 Frugnlitss,
272 1279 360 1326 inimica
374 1277 494 1325 luxuriosis
510 1277 587 1340 epulis,
607 1283 631 1324 et
649 1277 720 1325 eliens

47 1342 129 1390 nimine
148 1342 195 1388 vini
213 1343 360 1398 abundantior,
379 1350 403 1390 et
418 1343 445 1390 ab
460 1342 605 1412 immoderato
622 1340 719 1390 Veneris

49 1421 97 1456 usu
106 1421 192 1454 eversa.
711 1411 713 1422 ¹

166 1591 226 1644 Cur.
238 1593 365 1644 Vl.-1)e
374 1597 472 1646 culmis
482 1597 610 1646 Inuitum.
629 1665 630 1672 ἵ
708 1610 711 1616 ·

69 1729 94 1773 1.
116 1723 277 1788 Sporusnorum
296 1723 373 1790 frugu-
499 1725 618 1787 publicum.

150 1789 209 1836 iiius.
421 1795 444 1838 9.
459 1789 634 1836 Massiliensium
644 1789 681 1836 lex
692 1789 720 1835 de

66 1857 94 1902 2.
106 1851 163 1901 Mos
173 1852 373 1901 miliuriseornm-
500 1847 714 1899 commeruistis*

153 1917 212 1964 dem.
407 1921 445 1966 10.
456 1915 573 1966 Gallorum
581 1930 632 1962 mos
639 1915 662 1961 in
670 1930 721 1962 mu-

67 1980 373 2030 summimunminmm
500 1987 541 2026 tuo
552 1979 632 2026 dmdo.

152 2049 201 2092 turm
220 2053 298 2093 contrs
315 2046 373 2093 otio-
407 2049 445 2094 11.
462 2043 605 2096 Cimbrorum
623 2040 722 2092 celsis-

153 2123 190 2156 sos
201 2117 224 2156 et
234 2111 324 2157 inertes.
500 2123 620 2170 torumque
633 2120 683 2152 mos
698 2105 721 2152 iri

68 2179 94 2222 4.
124 2173 259 2238 Areopugus
284 2189 374 2222 eorum-
500 2169 708 2235 edeundisproeiiis.

153 2238 212 2285 dem.
407 2241 445 2285 lu
465 2236 579 2286 Thracum
601 2235 676 2298 opinio
694 2235 723 2282 (ie

70 2305 95 2352 5.
112 2299 199 2350 Honos
212 2303 301 2350 virtutis
315 2301 374 2366 opud
500 2301 554 2349 vltae
564 2299 694 2353 calamitate.

153 2365 252 2414 cosdem
408 2369 445 2414 ls.
459 2363 581 2428 Lyciorum
592 2365 673 2416 luctus,

69 2437 95 2481 6.
118 2431 197 2478 Animi
215 2431 297 2494 ingrati
316 2432 374 2478 sotio
408 2434 445 2478 14.
466 2429 572 2477 Indsmm
590 2428 722 2482 senrinurum

153 2495 319 2558 spudeosdem.
501 2494 560 2541 fidus
583 2509 646 2550 umor
669 2507 723 2558 erga

70 2563 95 2610 ⁷.
118 2559 295 2608 muniendum
311 2560 375 2607 insti·
503 2558 603 2606 meritos.

49 2651 53 2664 .
155 2624 282 2672 tutunus.
410 2627 446 2674 15.
472 2621 607 2681 Punicarum]
630 2619 725 2668 seurins·

71 2693 95 2736 8.
127 2686 237 2738 monus
265 2703 376 2737 venenum
506 2683 701 2750 rumprostitutio.
