1820 2982
176 191 223 236 m
266 185 344 235 vat,
354 183 495 234 maxtin
512 183 565 234 lua.
580 183 628 233 111.
648 185 709 236 Car·
723 185 745 235 7.

208 314 271 380 (11.)
283 315 372 378 Magno
381 315 452 378 tpatio
461 313 614 364 diviouaoeta
625 313 836 378 oenttuadp'o'etan

177 381 273 429 Accium
290 381 403 427 transitus·
428 378 544 428 Caeterum
559 387 585 427 ut
598 382 626 427 ab
639 395 667 427 co
682 380 794 427 decentiur
809 380 836 426 ad

176 452 269 493 externa
278 449 423 498 transeamus,
432 445 567 506 producatur
574 445 598 491 in
610 445 715 492 medium.
742 442 767 490 It
777 443 838 491 Julio

99 565 104 572 ἱ
179 508 270 562 Caesari,
280 509 416 570 amplissimo
424 517 447 555 et
455 507 612 556 florentissimo
623 510 678 563 uiro,
688 509 711 554 in
719 509 836 570 collegium

178 574 293 636 p'o'etarurn
304 574 402 638 venienti
419 589 532 634 nunquam
547 574 682 630 assurrexit3
700 588 745 619 non
760 574 837 635 majos·

179 637 231 684 tatio
246 638 293 698 ejua
307 635 431 692 immernor,
443 637 482 684 aed
492 639 559 699 quod,
570 639 594 684 in
605 637 769 700 comparatione
778 653 838 684 cotn-

179 702 280 748 munium
292 703 422 756 studiorum,
433 703 545 762 aliquanto
556 703 689 764 superiorem
699 717 723 748 se
731 717 838 750 eateoou-

179 765 264 812 fideret.
285 765 426 829 Quapropter
442 767 567 814 insolentiae
584 767 675 813 erimine
689 765 760 812 caruit
765 783 773 823 ς
789 767 838 828 quia
891 787 892 816 r

179 830 208 876 ibi
230 831 375 886 voluminum,
396 845 442 878 non
463 832 594 894 imaginum,
617 831 737 878 certamine
751 845 838 879 exerce·
891 835 892 866 l

180 895 270 942 bantur.

455 1001 569 1048 hema.

215 1086 262 1154 (l.)
278 1087 318 1136 Ne
328 1087 449 1150 Euripides
456 1087 544 1150 quidem
555 1087 652 1135 Athenin
662 1103 769 1152 arrogant
780 1089 839 1136 ritus

182 1161 224 1209 eat,
236 1169 294 1208 oum,
305 1154 433 1216 postulante
442 1153 524 1216 populo
535 1159 560 1199 ut
570 1167 600 1199 ex
609 1151 719 1216 tragoedid
726 1155 840 1214 quamdam

110 1251 116 1266 .
183 1219 316 1266 contendam
326 1219 421 1273 tolleret,
430 1231 563 1280 progreaaua
573 1218 596 1263 in
604 1231 693 1265 scenam
704 1218 766 1273 dixit,
780 1227 795 1249 ¹⁴
804 1220 839 1274 Se,

184 1291 210 1330 ut
224 1297 276 1330 eum
292 1282 388 1336 doceret,
404 1297 450 1328 non
461 1289 486 1328 ut
497 1283 524 1328 ab
534 1297 561 1328 eo
572 1281 673 1337 (liaoeret,
683 1281 769 1330 tubulas
782 1299 842 1330 com-

183 1361 267 1409 ponere
278 1344 375 1398 solerol'
400 1345 522 1392 Laudanda
534 1345 634 1408 proiecto
648 1346 727 1394 fiducia
740 1354 782 1403 eat,
794 1348 841 1410 quir

186 1411 355 1458 aertimatlonem
365 1409 398 1456 tui
406 1417 467 1457 certo
475 1411 573 1472 pondere
580 1411 698 1465 examinat,
710 1419 796 1458 tanturn
805 1413 841 1458 tibi

184 1488 299 1535 arrogant,
317 1479 425 1534 quantum
439 1489 454 1522 a
467 1483 581 1522 contemtu
596 1482 619 1523 et
633 1474 751 1524 insolentii
766 1477 842 1524 distare

186 1538 240 1585 tatia
251 1545 291 1584 eat.
472 1565 475 1572 ·

218 1600 298 1661 Itaque
308 1601 375 1648 otim
385 1603 445 1662 quod
456 1601 565 1651 Alcestidi
575 1604 660 1666 tragion
670 1604 744 1666 poten
754 1619 842 1668 reapon-

186 1665 225 1719 dit,
242 1666 365 1727 probabile:
385 1667 443 1728 opud
453 1682 519 1730 quem
534 1683 585 1715 oum
600 1677 735 1729 quereretur,
751 1672 810 1732 quod
819 1685 843 1717 eo

187 1730 261 1776 triduo
272 1743 318 1776 non
332 1730 391 1777 ultra
404 1738 450 1778 tres
464 1747 542 1780 veraua
556 1733 654 1782 maximo
664 1733 765 1795 impenso
776 1735 844 1782 labore
892 1735 893 1796 ,

187 1795 296 1842 deducere
302 1795 418 1858 potuisset,
430 1803 496 1857 atque
506 1798 525 1843 ir
537 1813 561 1844 ae
571 1805 660 1846 centum
668 1797 773 1860 perfacile
781 1800 844 1861 scrip

187 1860 243 1906 aiace
250 1859 396 1922 gloriaretur:
411 1868 427 1890 ‘⁴
436 1862 481 1909 Sed
488 1860 556 1916 hoc,”
565 1863 643 1924 inquit,
657 1870 672 1893 ‘⁴
681 1863 781 1918 intereat,
789 1863 844 1925 quod

188 1925 221 1971 tui
235 1926 258 1971 in
273 1925 370 1971 triduum
385 1927 546 1979 tautummodo,
559 1927 603 1972 mei
613 1941 667 1973 vero
677 1927 701 1973 in
711 1943 779 1976 omne
792 1936 845 1976 tern-
892 1937 893 1946 ¹

187 2005 237 2052 put,
250 1988 388 2036 auffioieut.”
404 1991 505 2036 Alterius
513 1991 572 2036 enim
581 1990 670 2038 secundi
681 1992 760 2039 cunta
771 1993 847 2054 aoripla
892 2011 893 2016 ¹

153 2099 157 2108 ,
188 2053 247 2101 intra
267 2054 352 2130 primarp
370 2055 484 2101 memoriae
505 2062 577 2102 metae
597 2063 741 2114 corruerunt;
761 2057 847 2104 alterius

110 2177 113 2186 y
189 2125 309 2165 cunctante
322 2117 373 2165 atrlo
386 2118 536 2165 elucubratum
547 2135 603 2182 opus
613 2135 653 2182 per
663 2135 730 2168 omne
740 2123 784 2169 aevi
794 2129 846 2169 tem·

189 2197 232 2245 pua
242 2182 314 2244 plenia
324 2181 404 2244 glorio
413 2183 470 2230 velia
479 2183 569 2231 seretur.

223 2245 272 2310 (2.)
285 2247 395 2309 Adjiciam
406 2261 480 2294 aoenae
490 2248 590 2311 ejuadem
601 2249 735 2310 exemplum.
753 2250 847 2313 Antige-

189 2310 252 2356 nidaa
262 2309 344 2357 tibicen
357 2311 465 2374 discipulo
476 2327 524 2368 auo,
540 2313 617 2376 magni
626 2313 747 2376 proieotda,
764 2316 803 2363 aed
812 2330 848 2378 pa-

189 2387 239 2419 rum
247 2372 341 2420 ielioiter
347 2377 430 2437 populo
438 2391 463 2423 ae
470 2378 605 2440 approbanti,
615 2379 701 2426 cunctia
707 2379 847 2434 audiennbua,

190 2435 259 2482 dixitr
280 2443 296 2466 ‘⁴
308 2437 368 2484 Mihi
378 2454 440 2494 cana,
452 2447 476 2486 et
486 2441 588 2490 Mutia.”
620 2441 681 2498 Quia
690 2444 794 2492 videlicet
802 2459 850 2508 per·

190 2498 249 2573 fectu
259 2514 303 2553 ara,
314 2500 412 2550 iortunae
422 2505 533 2553 lenocinio
544 2507 635 2562 defecto,
647 2507 728 2556 fiducid
733 2507 797 2572 Juati
806 2523 848 2556 non

191 2569 294 2608 exuitur:
309 2579 418 2627 quamque
429 2569 471 2615 coit
482 2585 506 2617 ae
515 2572 604 2620 laudern
614 2573 701 2628 mereri,
713 2589 762 2621 eam
774 2575 816 2622 atti
825 2574 850 2622 ab

186 2625 295 2736 pleipprpon
306 2626 416 2690 impetrat,
428 2631 551 2684 domestico
561 2644 636 2686 temen
647 2645 759 2702 acceptam
769 2639 850 2703 judicio
