1842 2992
183 171 217 220 re
287 165 366 218 van
378 164 517 232 nsxrur
533 161 749 220 caraman

179 315 194 346 e
208 293 305 362 vestigio
316 295 400 360 jusit,
416 295 463 344 non
474 297 534 358 quod
545 301 643 358 speraret
657 295 685 342 ab
698 294 725 342 iis
738 294 848 346 amissum
905 261 906 294 l

177 365 254 412 locum
275 362 399 424 recuperari
420 376 493 424 posse,
517 361 556 408 sed
574 367 601 408 ut
618 359 739 422 praeteritae
757 361 847 424 culpam

177 443 262 492 pugnae
277 426 414 488 insequentis
425 426 552 474 conaminis
562 425 681 472 manifesto
691 425 796 486 pericrdo'
805 441 848 487 pu-

177 493 243 540 niret.
274 491 354 540 Edixit
364 492 439 546 etiam,
452 499 484 544 ut,
498 491 516 538 si
527 491 576 552 quis
588 505 617 537 ex
627 491 662 536 his
671 489 763 551 fugiens
773 497 846 537 castra

177 557 285 620 petiisset,
309 571 350 618 pro
369 557 434 603 hoste
453 554 622 602 interficeretur.
652 553 707 608 Qua
727 555 847 603 severitate

178 621 301 684 compressi
318 621 407 675 milites,
424 627 447 668 et
461 621 590 682 corporibus
604 619 711 681 fatlgatis,
728 627 752 666 et
767 620 846 668 animis

178 687 332 748 desperatione
346 688 400 733 vitae
414 685 539 748 implicatis,
554 685 598 732 loci
613 685 850 759 tameniniquitatern,

155 800 157 804 ,
176 751 386 811 multitudinemque
397 751 502 804 bostium,
515 747 654 812 snperbrunt.
674 748 792 796 Humanae
803 749 846 811 igr-

177 823 215 863 tur
229 816 385 864 imbecillitatis
400 815 577 864 efficacissimum
592 815 749 862 duramentum
759 821 796 862 est
807 815 846 860 'rre-

175 881 276 928 cessitas.

208 943 274 1010 (11.)
287 943 316 992 In
324 942 401 993 eidem
411 942 527 1008 provincial
538 943 571 998 Q,
581 943 663 992 Fabius
674 941 800 1008 Maximus,
812 941 845 990 le-

176 1011 300 1058 rocissimae
312 1011 393 1072 'gentis
400 1011 487 1058 animos
501 1009 638 1056 contundere
649 1015 672 1055 et
683 1009 797 1055 debilitare
807 1023 845 1054 cu·

175 1077 246 1138 piens,
264 1076 468 1124 mansuetissimum
487 1074 602 1136 ingenium
619 1089 692 1127 suum,
711 1073 740 1119 ad
756 1080 845 1134 tempus

175 1139 275 1203 deposita
283 1139 407 1195 clementid,
418 1139 512 1188 saeviore
520 1139 552 1184 uti
561 1139 678 1184 severitate
685 1137 767 1199 adegit.
787 1137 844 1184 Om-

176 1205 239 1252 nium
250 1207 317 1260 enim,
330 1205 369 1266 qui
376 1220 405 1252 ex
415 1203 523 1267 praesidiis
531 1202 642 1250 Romanis
650 1203 678 1248 ad
685 1203 762 1249 hostes
773 1209 845 1248 trans

176 1270 288 1332 fugerant,
301 1271 403 1331 captique
414 1276 483 1322 erant,
496 1283 576 1314 manua
591 1267 697 1324 abscidit;
715 1274 747 1322 ut,
765 1273 845 1314 buum

177 1351 225 1397 prae
240 1351 264 1380 se
279 1335 367 1382 brachia
382 1340 502 1395 gestantes,
519 1331 647 1379 desectionis
659 1339 744 1390 metum
755 1332 844 1392 reliquis

178 1401 300 1461 injicerent.
328 1398 434 1444 Rebelles
443 1397 518 1456 itaque
529 1412 615 1450 manua,
631 1397 785 1459 acorporlbus
800 1397 845 1444 suis

176 1463 302 1516 distractae„
313 1461 382 1522 inque
400 1468 516 1508 cruentato
531 1463 579 1508 solo
596 1477 686 1524 sparsae,
704 1461 800 1517 caeteris,
817 1476 845 1508 ne

177 1528 236 1574 idem
248 1524 388 1574 committere
398 1527 512 1582 auderent,
524 1527 659 1590 documento
669 1525 767 1573 luerunt.

210 1589 275 1654 (12.)
293 1590 358 1638 Nihil
368 1591 444 1637 mitius
456 1592 568 1653 superiore
579 1591 695 1638 Africano.
722 1589 748 1637 Is
759 1597 842 1646 tamen,

176 1656 205 1702 ad
218 1655 350 1702 firmandam
363 1655 499 1717 disciplinam
515 1657 640 1711 militarem,
657 1655 739 1717 aliquid
754 1657 782 1702 ab
792 1657 845 1704 alie·

177 1719 270 1768 nissimi
277 1721 317 1767 sibi
326 1721 455 1782 crudelitate
463 1721 615 1768 amaritudinis
626 1721 773 1768 mutuandum
785 1722 844 1768 exia-

177 1785 272 1832 rimavit
299 1785 420 1846 Siquidem,
438 1784 526 1833 devicti
538 1785 682 1848 Carthagine,
695 1801 747 1832 cum
758 1799 844 1839 omnes,

176 1851 214 1912 qui
230 1866 260 1898 ex
274 1851 356 1898 nostris
371 1851 504 1901 exercitibus
518 1852 546 1898 ad
563 1851 650 1898 Poenos
664 1851 807 1906 transierant,
822 1851 845 1896 in

177 1931 240 1964 auam
262 1923 396 1979 potestatem
417 1916 547 1978 redegisset,
570 1917 661 1977 gravium
681 1917 705 1962 in
727 1915 846 1963 Romanos

176 1997 244 2043 quam
254 1983 278 2028 in
287 1981 383 2029 Latinos
393 1980 521 2044 transfugas
529 1981 691 2028 animadvertit.
710 1979 764 2026 Hos
774 1981 844 2035 enirn,

176 2054 290 2108 tamquam
302 2047 380 2109 patriae
388 2047 505 2108 fugitivos,
514 2047 616 2092 crucibus
623 2046 708 2102 affixits
720 2045 779 2099 illos,
789 2053 846 2094 tam-

175 2127 242 2173 quam
253 2111 349 2174 perfidos
357 2113 436 2166 socios,
447 2111 518 2158 securi
526 2111 642 2172 percussit
660 2109 716 2156 Non
724 2125 846 2172 prosequar

176 2178 220 2224 boc
236 2177 321 2224 facturn
338 2177 438 2230 ulterius,
457 2182 481 2222 et
497 2177 550 2236 quia
567 2175 677 2237 Scipionis
694 2183 736 2229 est,
754 2182 778 2222 et
796 2177 847 2236 quia
899 2163 906 2190 ⁹

158 2293 161 2302 Α
177 2241 282 2288 Romano
298 2242 409 2304 sanguini,
426 2241 527 2303 quamvis
541 2241 622 2287 merito
636 2255 748 2303 perpesso,
766 2241 848 2288 servile

175 2307 307 2368 supplicium
329 2307 436 2353 insultare
458 2321 504 2352 non
525 2305 621 2362 attinet3
645 2321 696 2352 cum
718 2305 845 2367 praesertim

176 2371 271 2418 transire
289 2369 317 2417 ad
336 2387 362 2418 ea
380 2371 452 2426 liceat,
472 2385 524 2432 quae
542 2371 591 2418 sine
609 2370 733 2418 domestico
752 2371 847 2418 vulnere

175 2441 242 2496 gesta
253 2435 336 2480 narrari
346 2443 447 2496 possunt.

210 2495 275 2562 (13.)
286 2498 346 2544 Nam
356 2501 467 2562 posterior
477 2498 604 2554 Africanus,
616 2516 695 2548 everso
705 2499 795 2548 Punico
803 2502 847 2549 iru-

173 2563 247 2625 ¹perio,
263 2570 389 2610 exterarum
403 2566 506 2626 gentium
519 2565 654 2628 transfugas,
666 2567 690 2612 in
701 2565 794 2614 edendis
805 2583 848 2630 po·

177 2627 230 2690 pulo
242 2629 378 2689 spectaculis,
390 2630 443 2676 seris
453 2631 529 2678 bestiis
541 2632 628 2693 objecit.

209 2691 274 2755 (14.)
287 2693 320 2742 Et
328 2693 357 2742 1..
368 2694 461 2750 Paulus,
474 2695 544 2744 Perse
555 2711 609 2759 rege
619 2704 731 2760 superato,
743 2697 845 2760 ejusdem
905 2661 906 2664 ¹
