1842 2992
147 179 179 224 ιι
253 145 590 222 amnesamnes
610 167 670 220 om
686 171 709 218 ι.

148 311 218 354 tatem
229 301 357 352 consmilis
372 299 461 364 inJurise
477 305 578 361 pareret:
600 313 710 360 suamque
724 309 823 348 sems-

148 369 240 422 tiohern,
250 382 316 428 quarn
329 365 389 427 apud
399 364 499 412 colentes
509 364 630 412 maximam
641 365 824 427 sempsrhsbuer
905 427 906 430 Ἴ

149 441 191 488 rat,
204 432 271 479 Deus
281 429 445 492 multiplicavit.

182 494 249 561 (20.)
262 494 362 548 Quintus
372 500 447 541 autem
458 492 554 540 Fulvius
565 491 661 540 Flaccus
671 494 763 556 impune
773 509 822 541 non

149 562 208 614 tuuc
221 559 282 620 quod
292 560 315 604 in
327 557 421 605 censuri
431 559 519 620 tegulas
530 573 665 604 marmoreas
678 573 707 605 ex
721 558 822 607 Juaonis

149 625 251 674 Laciniae
262 624 346 685 templo
359 623 382 668 in
398 622 469 670 aedem
484 622 593 670 Fortunae
609 623 735 683 Equestris,
751 639 821 684 quam
906 642 907 666 r

150 691 234 738 Romae
248 688 349 742 faciebat,
366 687 487 734 transtulit.
514 686 619 748 Negatur
631 687 699 742 enim,
715 690 823 749 posthoc

148 755 242 808 factum,
258 761 334 802 mente
348 752 487 800 constitisset
507 752 561 812 quin
577 752 643 800 etiam
658 768 698 814 pes
709 765 822 800 summam

150 819 308 883 aegritudinem
322 818 391 866 animi
405 816 533 880 exspiravit,
551 831 610 871 cum,
626 825 656 864 ex
669 818 755 864 duobus
769 817 823 865 tiliis

150 885 174 930 in
190 883 283 945 Illyrico
297 883 449 936 militantibus,
468 882 564 930 alterum
580 882 708 937 decessisse,
726 884 822 930 altarum
907 924 908 940 ,

149 950 249 1012 graviter
257 947 476 997 audissetsffectum.
497 944 569 1010 Cujus
577 963 630 994 casu
638 955 714 995 motus
722 956 821 1004 senatus,

151 1015 240 1076 tegulas
255 1013 344 1060 Locros
358 1012 502 1075 reportandas
517 1013 618 1070 cumsits
637 1013 764 1074 decretique
779 1014 825 1061 cir-
907 1025 908 1038 ¹

151 1077 342 1192 &imm
356 1077 474 1127 sanctitate
489 1077 583 1140 impium
599 1093 656 1140 opus
672 1078 771 1125 censoris
786 1088 824 1128 te·

216 1153 233 1191 i·

185 1206 251 1274 (21.)
263 1207 323 1256 Tam
335 1205 495 1272 (mehercule)
507 1222 574 1268 quam
586 1206 619 1262 Q
630 1205 741 1262 Pleminii
753 1207 824 1272 legati
908 1209 909 1216 ’

153 1274 271 1336 Scipionis,
283 1273 307 1318 in
321 1274 427 1320 thesauro
443 1271 585 1333 Proserpinae
598 1273 713 1334 spoliando
728 1275 825 1322 scelera·

153 1346 199 1386 tam
211 1337 326 1385 arandam
332 1333 396 1398 justi
406 1336 597 1384 animadversione
607 1338 735 1386 vindicarit·
762 1337 823 1388 Cum

153 1403 213 1451 enim
230 1416 282 1448 eum
298 1401 400 1448 nauum
416 1400 516 1448 Romam
531 1403 630 1462 protrahi
641 1404 753 1466 jussisset,
771 1411 825 1452 ants

153 1481 228 1516 causae
243 1465 371 1521 dictionem,
388 1465 412 1511 in
427 1480 515 1512 carcere
530 1467 647 1514 teterrimo
657 1483 741 1530 genere
751 1471 823 1516 morlai

153 1537 286 1580 consumtus
297 1538 346 1578 ests
364 1531 482 1593 pecuniam
493 1529 554 1585 Dea,
569 1532 669 1594 ejusdem
679 1533 770 1580 senatis
779 1534 824 1581 im·

153 1598 223 1660 perio,
235 1596 359 1658 etquidem
370 1595 481 1643 summam
492 1596 631 1660 duplicando,
643 1599 790 1660 recuperavit.

154 1701 261 1750 Eumae
271 1699 386 1761 Enemplo
396 1699 519 1746 &matre
525 1699 562 1747 vel
567 1699 678 1760 neglecto
685 1699 822 1762 Religionis.

187 1787 237 1854 (1.)
251 1788 318 1845 Quae,
331 1790 391 1850 quod
402 1789 430 1838 sd
439 1789 543 1838 Pleminii
550 1789 637 1838 facinus
645 1790 758 1853 pertinuit,
767 1793 826 1842 bens

154 1871 168 1905 a
179 1856 277 1919 patribus
285 1856 417 1919 conscriptis
427 1856 539 1904 vindicata
545 1863 593 1914 est;
608 1856 669 1917 quod
679 1855 707 1904 ad
715 1856 825 1906 violentas

155 1922 215 1986 regis
228 1920 310 1984 Pyrrhi
321 1922 398 1970 sordes
406 1922 533 1974 attinuerat,
546 1921 641 1982 seipsam
648 1927 752 1982 potenter
759 1930 827 1984 atque

154 1987 274 2036 effimciter
284 1986 390 2036 defendit
410 1985 502 2048 Coactis
512 1986 572 2033 enim
581 1985 731 2034 Locrensibus
739 2001 769 2033 ex
777 1989 827 2036 the·

154 2069 220 2100 sauro
231 2055 280 2117 eius
290 2067 397 2116 magnam
411 2052 443 2098 illi
457 2050 574 2113 pecuniam
589 2051 648 2104 dare,
664 2065 716 2098 cum
731 2059 826 2101 onustus

153 2117 239 2166 nefarii
253 2116 330 2181 praedi
343 2119 466 2180 navigaret
482 2115 505 2162 vi
520 2114 600 2162 subite
613 2117 759 2178 tempestatis,
777 2116 826 2166 toti

152 2198 204 2230 cum
215 2184 293 2237 classe,
306 2183 386 2230 vicinis
392 2181 453 2228 Deae
458 2179 560 2226 litoribus
567 2180 638 2227 illisus
648 2188 695 2228 ests
710 2182 824 2243 inquibus

151 2248 246 2308 pecunia
256 2247 374 2294 incolumis
385 2252 479 2309 reperta.
493 2245 627 2294 sanctissimi
638 2246 736 2294 thesauri
746 2255 823 2296 custo-

158 2311 201 2356 dire
213 2311 315 2357 restituta
325 2319 367 2358 est.

190 2371 241 2436 (9.)
260 2373 293 2419 At
308 2389 354 2420 non
370 2374 471 2422 similiter
486 2374 610 2424 Masinissa
623 2390 676 2423 rex:
697 2377 762 2440 eujus
774 2393 826 2427 csnn

70 2439 73 2446 '
157 2436 278 2502 prefectus
286 2438 363 2486 classis
375 2439 479 2486 Melitam
490 2441 617 2502 appulisset,
630 2448 655 2488 et
662 2457 726 2503 seque
737 2457 766 2489 ex
773 2442 826 2490 lano

156 2502 256 2553 ‚Iunonis
272 2503 351 2550 dentes
367 2505 476 2552 eburneos
493 2506 582 2553 eximie
598 2507 758 2569 magnitudinis
774 2509 827 2555 suh-

154 2569 214 2616 latos
230 2567 259 2615 ad
275 2584 326 2616 eum
342 2585 383 2631 pro
398 2569 458 2616 dono
471 2571 588 2623 attulisset.
601 2578 626 2618 ut
642 2572 752 2634 comperit
766 2573 826 2621 unde

156 2633 243 2680 maeoti
255 2641 337 2687 essem,
350 2635 502 2696 quinqueremi
511 2637 656 2698 reportandos
668 2637 779 2691 Melitam,
792 2638 827 2684 in·

157 2713 201 2758 qne
217 2697 301 2761 templo
317 2699 415 2748 Jnnonis
432 2701 574 2748 collocandos
591 2703 685 2756 curant,
704 2703 826 2766 insculptos
