1820 2982
194 143 227 189 aa
290 140 368 194 val,
381 139 588 190 MAXIMI‘Im.
602 139 637 190 ιι.
656 137 716 192 car.
729 145 778 188 aar

193 270 332 319 miseriarum
347 271 452 334 abjectus,
469 285 500 318 ex
514 271 563 334 ipso
577 270 631 320 vitae
645 269 776 324 discrimine,
791 270 862 318 bere·-

195 337 247 382 iieio
262 335 391 399 majestatis,
403 337 500 384 emersit.
528 337 615 384 Missus
629 337 688 384 enim
702 335 730 383 ad
740 350 789 382 eum
799 336 855 382 occi·

194 401 300 454 dendum,
312 401 337 448 in
346 398 432 462 privati
442 402 509 448 domo
521 401 646 448 Minturnis
660 401 766 454 clausum,
781 413 854 446 servus

194 465 303 527 publicus,
323 467 414 512 natione
431 465 530 522 Cimber,
545 473 568 514 et
584 481 660 512 senem
677 472 699 512 et
714 465 819 511 inermem
834 471 855 509 et

194 530 298 589 squalore
312 531 415 584 obsitum,
434 533 536 578 strictum
552 531 652 606 gladium
666 537 752 602 tenens,
767 528 855 591 aggredi
892 575 893 596 ,

195 609 242 644 non
258 593 377 654 sustinuit;
399 595 438 642 scd
454 596 589 644 claritate'
568 596 610 642 vrri
626 589 757 648 occaecatus,
774 595 854 656 abjecto
892 613 893 638 z

194 658 262 713 ferro,
274 630 481 708 attonitulindeac
495 669 594 708 tremens
607 661 673 722 sugit.
699 657 842 708 Cimbrica'
823 673 856 703 m-
892 669 893 682 ¹

195 723 277 770 mirum
285 725 590 772 calamitasoculoshomiuis
598 725 739 800 perstrinxit.
755 723 893 770 devictae·
892 743 893 792 J

195 803 240 848 que
251 804 299 836 suae
312 791 388 852 gentis
402 790 505 838 interitus
520 791 618 838 animum
633 789 777 846 comminuit·
793 787 893 844 etiam
892 819 893 844 ,

195 851 250 899 Diis
267 855 427 902 immortalibus
442 855 560 918 indignum
576 855 636 909 ratis,
654 856 681 901 ab
697 869 742 900 nno
757 854 805 916 ejus
820 867 858 898 na·
892 855 893 858 ’

194 918 263 964 tionis
273 919 367 973 interfici
378 919 485 980 Marium,
500 936 567 981 qnam
578 927 649 966 totam
660 919 777 966 deleverat.
796 917 858 964 Min-

195 989 314 1031 turnenses
327 992 410 1038 autem,
426 987 542 1048 majestate
556 985 614 1032 illius
629 986 694 1045 capti,
710 997 858 1044 compressum

188 1048 239 1111 Jam
256 1056 279 1096 et
294 1050 440 1098 constrictum
456 1048 504 1096 dira
518 1049 558 1096 fati
573 1049 711 1102 necessitate,
727 1047 858 1094 incolumem

193 1115 361 1175 praestiterunt:
387 1129 429 1162 nec
447 1114 490 1162 fuit
508 1115 543 1162 bis
561 1114 635 1160 timori
654 1113 774 1174 asperrima
791 1111 859 1158 Sullae

134 1185 140 1196 '
194 1179 294 1233 victoria,
307 1195 336 1226 ne
346 1180 371 1225 in
381 1195 421 1226 eos
429 1179 620 1231 conservationem
630 1177 698 1224 Marii
706 1177 858 1232 ulcisceretur3

103 1305 104 1308 Ἴ
194 1257 246 1288 cum
257 1245 382 1305 praesertim
392 1245 441 1306 ipse
451 1243 540 1291 Marius
550 1241 776 1290 eosaconservando
786 1240 860 1288 Mario
892 1269 893 1304 J

192 1307 317 1354 absterrere
327 1314 410 1368 posset.

227 1371 262 1433 (7.
267 1368 276 1430 )
289 1370 326 1416 Μ.
336 1385 425 1431 quoque
436 1369 542 1418 Porcium
554 1369 665 1418 Catonem
676 1368 791 1424 admiratio
798 1369 862 1418 fortis

193 1440 218 1480 et
234 1434 327 1480 sincerae
343 1435 398 1481 vitae
412 1435 467 1482 adeo
481 1435 631 1482 admirabilem
648 1435 735 1482 senatui
749 1434 812 1489 fecit,
829 1441 859 1488 ut,

193 1513 253 1551 oum,
266 1495 378 1546 invitoC
393 1495 485 1546 essue
498 1501 597 1554 consule,
612 1499 719 1546 adversus
732 1499 861 1577 publicanos

155 1559 159 1576 '
195 1562 306 1608 dicendo'
300 1577 324 1608 ιιι
335 1559 466 1610 curiddiem
477 1565 610 1618 extraheret,
626 1571 650 1612 et
661 1565 689 1610 ob
703 1564 756 1610 id'
736 1579 785 1626 eJus
796 1565 893 1630 jussu

192 1642 207 1676 a
225 1627 328 1674 lictore'
322 1642 346 1674 ιιι
365 1643 476 1676 carcerem
493 1629 617 1684 duceretur,
639 1629 756 1676 universus
771 1637 862 1676 senatus

192 1691 256 1740 illurn
268 1692 332 1768 sequi
342 1707 388 1740 non
399 1694 521 1743 dubitaret.
541 1709 592 1756 quae
602 1709 638 1742 res
648 1694 717 1744 divini
731 1693 802 1742 animi
812 1709 863 1758 per-

193 1758 342 1806 severantiam
352 1757 424 1806 flexit.

227 1821 276 1886 (8.)
289 1822 378 1871 Eodem
390 1823 469 1871 Ludos
480 1823 589 1879 Florales,
605 1839 662 1900 quos
676 1821 777 1871 Messius
793 1823 863 1870 aedilis
892 1813 893 1852 i

191 1885 293 1943 faciebat,
313 1897 435 1950 spectante,
455 1890 557 1951 populus,
578 1900 604 1936 ut
622 1890 699 1938 mimae
716 1885 893 1940 nudarentur,

190 1955 305 2015 postulare
315 1955 416 2002 erubuit·
431 1953 492 2014 quod
503 1970 554 2002 cum
565 1969 594 2001 ex
605 1953 714 2008 Favonio,
726 1953 862 2002 amicissimo

192 2019 241 2072 sibi,
254 2033 299 2066 una
287 2016 401 2066 sedente
412 2018 563 2080 cognovisset,
579 2019 680 2066 discessit
694 2033 708 2064 e
721 2017 820 2072 theatro,
836 2031 862 2062 ne

190 2080 310 2145 presentia
332 2081 373 2133 sud
395 2083 514 2160 spectaculi
533 2083 717 2130 consuetudinem
735 2083 893 2144 impediret.

192 2147 269 2201 Quem
286 2149 404 2195 abeuntem
418 2149 505 2210 ingenti
519 2149 598 2225 plausu
612 2149 707 2210 populus
720 2155 893 2223 prosecutus,

190 2212 288 2274 priscam
303 2227 389 2260 morem
399 2213 505 2276 jocorum
519 2214 543 2260 in
558 2228 646 2260 scenam
661 2213 791 2270 revocavit3
810 2226 864 2260 con·

189 2275 263 2322 fessus
273 2277 324 2351 plus
337 2293 362 2324 se
376 2279 497 2341 majestatis
512 2279 551 2326 uni
565 2279 596 2325 illi
611 2279 713 2331 tribuere,
729 2291 799 2353 quam
814 2269 893 2324 uai-

190 2355 256 2386 verso
267 2340 308 2386 sibi
318 2341 437 2390 vindicare.
463 2343 552 2398 Quibus
562 2344 647 2404 opibus,
664 2343 760 2404 quibus'
753 2341 893 2418 imperiis,

190 2403 269 2463 quibus
274 2403 401 2478 triumphis
415 2409 458 2454 boc
474 2409 550 2455 datura
565 2407 617 2455 est?
637 2408 756 2469 Exiguum
770 2407 815 2452 viri
826 2421 893 2467 pa-

190 2467 327 2522 trimodiam,
340 2471 438 2518 adstricti
449 2471 587 2520 continentia
594 2488 676 2528 mores,
687 2471 783 2518 modice
792 2471 863 2517 clien-
892 2451 893 2512 l

189 2530 248 2584 telae,
269 2531 349 2580 domus
368 2535 482 2584 ambitioni
500 2539 582 2592 clausa,
602 2537 688 2600 paterni
707 2533 800 2598 generis
818 2548 863 2582 una
892 2521 893 2572 l

188 2607 271 2658 ΜΨ»
288 2596 379 2648 minime
394 2601 474 2652 blanda
487 2601 566 2662 froas,
585 2603 625 2652 ssd
642 2601 745 2652 omnibus
760 2599 861 2656 numeris
