1820 2982
186 175 236 222 162
285 172 362 221 VAL.
376 169 514 220 Maxsstss
530 169 583 220 Lu.
594 167 641 218 [v.
656 169 753 221 csns.
806 209 812 224 .

188 299 383 364 magnificentiam,
395 302 554 364 argumentari.
573 301 635 356 Quid
642 303 703 350 enirn
711 301 845 350 ssrtsosssl-
887 277 888 286 ἵ

188 367 253 428 ligas,
270 375 309 412 aut
325 367 353 412 de
367 367 406 412 illo
422 367 508 428 inclyto
523 368 609 414 tumulo
626 369 724 428 loquare,
740 382 791 414 curn
804 367 846 428 ipa

189 429 290 478 Mausoli
297 431 374 476 vivum
385 446 411 477 sc
422 432 507 492 spirans
516 431 639 493 sepulcrum
651 433 697 478 lieri
709 430 844 493 concupierit,

189 509 266 540 eorum
279 495 414 547 testimonio,
427 497 464 554 qui
474 496 534 542 illam
545 497 648 542 exstincti
659 512 710 543 ossa
720 497 803 558 potioni
813 495 847 542 sd·

190 573 265 620 sperss
275 559 355 604 bibisse
365 559 474 605 tradunt?

223 620 272 684 (2.)
291 622 441 684 Hypsicratea
451 639 539 685 quoque
549 625 627 686 regina
636 623 792 672 Mithridatem
799 637 847 670 con-

184 689 265 748 jugem
281 702 346 734 suum
361 687 436 734 effusis
450 688 547 734 caritatis
557 689 647 735 habenis
657 690 753 746 amavit;
766 696 847 751 propter

189 767 258 812 quern
268 753 404 813 praecipuum
415 751 495 799 formae
506 768 553 800 suae
564 753 666 800 decorem
676 754 700 799 in
711 755 808 802 habitum
819 753 847 797 ri-

188 816 254 862 rilem
263 825 393 864 convertere
402 817 523 878 voluptatis
533 817 583 863 loco
594 817 676 864 habuit.
702 817 786 865 Tonsis
796 819 847 864 enim

190 881 282 992 llll
288 881 848 1008 lllslsszjlllltlgbffiblltldlnl

191 1025 207 1058 a
218 1007 262 1058 Cn.
274 1009 389 1072 Pompeio,
399 1026 439 1072 per
446 1009 547 1056 efferatas
554 1019 634 1072 gentes
641 1010 774 1073 fugientem,
783 1011 849 1058 sain»

192 1075 274 1138 puriter
284 1081 307 1121 et
318 1091 411 1138 corpore
420 1074 550 1136 infatigabili
561 1083 637 1122 secuta
646 1084 688 1122 est.
717 1075 850 1138 Cujustsnts
888 1087 889 1110 l

192 1139 248 1186 fides
267 1154 394 1201 asperarum
412 1147 479 1200 atque
497 1139 618 1186 difficilium
637 1156 712 1186 rerum
732 1139 849 1188 Mithridati

193 1204 317 1254 maximum
336 1204 448 1258 solatium,
470 1211 494 1250 et
507 1203 693 1266 jucundissimum
713 1205 850 1251 lenimentum
888 1227 889 1230 =

192 1267 249 1316 fuit:
269 1284 321 1316 cum
332 1269 399 1316 domo
409 1269 469 1315 enim
480 1269 624 1331 etpenatibus
635 1269 712 1332 vagari
723 1285 748 1318 se
758 1269 849 1320 credidit,

193 1348 265 1380 uxore
275 1333 341 1380 simul
351 1335 473 1382 multante.

229 1394 276 1459 (8.)
295 1397 382 1444 Verum
393 1398 446 1458 quid
456 1397 542 1452 Asiam,
558 1399 610 1459 quid
623 1399 729 1448 barbarie
739 1398 850 1446 immensas

193 1459 331 1514 solitudines,
343 1463 395 1523 quid
405 1463 499 1510 latebras
510 1462 599 1510 Pontici
613 1464 675 1510 sinus
686 1465 790 1512 scrutor?
806 1479 849 1510 curn
888 1483 889 1486 ¹

193 1525 395 1587 splendidissimum
410 1528 479 1574 totius
494 1528 591 1575 Graeciae
607 1528 681 1583 decus,
699 1527 849 1578 Iacedaemon

194 1589 492 1717 titltllulllllli
501 1593 851 1718 {lllllllllaelbln

194 1719 236 1766 bus
247 1719 391 1766 admiratione
400 1719 453 1767 facti
463 1722 645 1784 comparandum.

229 1781 325 1845 Minyae,
335 1799 430 1845 quorum
441 1787 512 1848 origo,
524 1787 645 1847 exinclyto
651 1787 763 1834 sociorum
773 1786 851 1836 lauris

197 1863 291 1896 numero
307 1847 451 1896 Lemniorum
467 1851 491 1896 in
504 1849 577 1897 insuld
592 1859 705 1912 concepta,
721 1868 763 1914 per
777 1854 852 1914 aliqwt

196 1914 331 1964 saeculorum
344 1914 406 1962 vices
416 1915 487 1961 stabili
501 1915 524 1960 in
539 1915 591 1963 sede
601 1923 719 1969 manserat,
734 1916 852 1980 sPelsagis

196 1979 285 2040 expulsi
292 1978 366 2034 armis,
378 1980 457 2026 alieuae
464 1980 512 2040 opis
519 1981 597 2042 indigi,
609 1981 696 2028 excelsa
703 1980 852 2044 Tdygetornm

196 2045 308 2092 montium
318 2045 375 2106 juga
389 2044 500 2106 supplices
514 2052 683 2106 occupaverunt.
709 2044 778 2100 Quos
793 2047 852 2109 Spar·

197 2116 250 2156 tans
260 2109 346 2162 civitas,
357 2116 460 2170 respectu
469 2107 653 2169 Tyndaridarum,
667 2110 776 2173 (namque
789 2113 813 2158 iu
822 2111 853 2156 ils

198 2173 278 2220 nobilis
285 2171 352 2219 famae
360 2173 449 2235 navigio
460 2173 593 2222 destinatum
602 2175 706 2224 sideribus
716 2190 757 2237 par
766 2175 853 2223 namur

196 2235 301 2298 fulserat)
310 2237 416 2284 deductos
426 2237 478 2284 inde
488 2239 575 2300 legibus
586 2239 751 2300 commodisque
761 2242 810 2288 suis
819 2242 854 2286 im·

197 2299 294 2347 miscuit.
321 2301 366 2347 Sed
373 2303 416 2349 hoc
424 2309 511 2348 tantum
519 2303 648 2351 beneficium
658 2303 680 2350 in
691 2304 796 2366 injuriam
806 2307 855 2352 bene

197 2363 284 2410 meritas
298 2365 365 2418 urbis,
380 2381 475 2428 regnum
489 2366 625 2423 affectantes,
640 2376 761 2416 verterunt.
788 2369 855 2432 Igitur

198 2427 293 2500 publicae
307 2429 413 2476 custodlae
423 2432 510 2486 inclusi,
527 2434 614 2495 capitali
627 2434 796 2481 asservabantur
809 2449 854 2494 sarp-

197 2489 272 2550 phcro.
299 2489 366 2543 Quod
379 2509 430 2540 cum
441 2504 517 2544 vetere
527 2497 629 2546 instituto
641 2497 854 2546 Lacedaemoniorum

198 2559 307 2598 nocturno
320 2561 419 2616 tempore
429 2562 516 2620 passuri
526 2571 608 2617 essent,
621 2564 822 2626 conjugeseorum,
832 2563 854 2606 il·

198 2614 273 2687 lustris
285 2616 313 2661 ibi
327 2622 448 2680 saraguinis,
462 2626 525 2672 velut
537 2628 666 2674 allocuturae
674 2627 783 2690 perituros
794 2629 852 2676 virsa

196 2686 315 2739 impetrato
330 2696 344 2732 s
358 2686 487 2738 custodibus
501 2691 569 2747 aditu,
587 2707 695 2742 carcarem
709 2691 855 2745 innume

729 2921 735 2947 Ι

888 2149 890 2190 ,
