1828 2982
187 141 234 190 186
288 135 367 190 VAL.
378 134 519 186 tuntum
536 134 590 184 Lm.
600 136 632 185 V.
647 133 743 186 Cant.

186 267 269 331 pileata
284 267 391 316 comitata
405 274 472 324 aunt3
492 281 544 328 quae
557 266 585 322 ie,
603 265 696 314 Punicis
707 265 770 314 bellis
784 264 852 312 inter-

186 341 258 394 cepta,
270 341 294 380 et
303 333 327 378 in
343 329 434 380 Graecini
449 332 574 386 servientia,
591 331 645 380 curi
659 329 700 378 aud
714 331 814 384 colhcta.
827 333 851 376 in

185 399 304 460 pristinum
315 397 410 459 gradum
422 397 555 444 restituerat.
580 398 726 444 Gemmatum
737 394 763 442 ei
775 411 801 442 re
813 395 852 442 de-

188 477 229 508 cua
239 462 386 524 imperatoria.
398 475 412 507 a
422 477 468 522 quo
479 462 545 508 simul
556 469 579 508 et
589 461 669 508 devicti
680 463 756 508 bostea
765 468 789 507 et
799 475 853 506 con-

186 527 269 574 aervati
285 527 345 573 cives
362 527 512 588 spectaculum
527 527 607 588 patrica
622 527 770 588 praebuerunt.
798 523 852 571 lllo-

187 605 236 636 rum
248 604 337 652 quoque
348 591 408 638 salua
419 591 536 652 dupliciter
546 591 647 638 omnibus
658 598 748 652 accepta
758 589 814 647 suin
829 595 853 635 et

186 655 240 716 qula
250 662 297 702 tam
308 656 379 709 multi.
392 663 415 702 et
425 657 477 716 quia
487 663 532 702 tam
540 657 739 718 grati.exoptatum
748 655 853 702 liberarii
895 673 896 676 ¹

187 727 271 768 alatum
282 727 477 782 recuperaverunt.

220 782 270 848 (7.)
288 783 398 832 Metellae
415 801 469 832 vero
487 783 550 837 Piua,
566 784 673 847 pertinaci
687 799 742 846 erga
755 784 854 830 exsulem

185 856 272 912 petrem
283 865 367 904 amore,
379 857 426 896 tam
437 850 520 896 clarum
531 849 644 910 lacrymis,
658 864 725 909 quam
736 848 772 896 alil
784 850 854 894 vieto·

188 914 234 968 riia,
253 929 381 976 cognomen
399 921 521 966 aaaoeutus,
541 928 586 959 non
601 914 708 960 dubitavit
722 913 801 960 consul
814 929 854 974 pro

191 978 223 1032 Q.
247 977 334 1028 Calidio
354 989 460 1041 praeturae
482 978 598 1024 candidato
620 979 742 1040 supplicare
765 978 854 1039 populo,

188 1043 249 1105 quod
260 1045 361 1092 tribunus
372 1043 441 1106 plebia
451 1042 534 1103 legem,
546 1040 591 1103 qui
601 1050 664 1105 pater
680 1043 728 1103 ejus
741 1042 765 1087 in
780 1041 856 1088 civita·

189 1116 235 1156 tem
247 1110 409 1162 restitueretur,
421 1107 508 1154 tulerat.
525 1105 664 1160 Quinetiam
675 1113 795 1168 patronum
806 1121 855 1153 mm

190 1173 271 1220 domita
282 1173 466 1221 etfamiliaeauae
476 1186 563 1233 semper
574 1172 689 1218 dictitavit
714 1170 765 1218 Nee
781 1171 856 1217 haere
895 1203 896 1224 2

189 1238 218 1286 de
227 1239 359 1300 principatu,
372 1252 438 1298 quem
449 1237 593 1298 proculdubio
608 1237 726 1289 obtinebat,
739 1235 856 1296 quidquam
895 1231 896 1238 ’

189 1303 313 1364 decerpsit3
330 1303 443 1363 quianon
458 1301 543 1354 humili,
560 1301 598 1348 aed
611 1308 676 1363 grato
691 1302 774 1353 animo,
791 1301 857 1360 longe

190 1366 301 1413 inferioris
316 1368 413 1413 hominia
427 1367 525 1413 maximo
536 1366 617 1413 merito
627 1365 731 1414 eximiam
743 1366 857 1412 submitte-

191 1431 380 1492 batdignitatem.
511 1479 515 1488 ,

224 1493 273 1558 (8.)
291 1495 345 1544 Jam
358 1495 386 1544 C.
396 1497 485 1556 quidem
497 1496 566 1543 Marii
576 1511 622 1543 non
637 1496 710 1543 aolum
724 1498 857 1558 precipuae,

192 1559 232 1606 aed
253 1561 320 1606 etiam
342 1569 477 1622 praepotens,
500 1569 571 1624 gratae
593 1562 674 1608 mentis
694 1561 738 1608 tuit
756 1562 858 1624 impetus

191 1623 259 1671 Duas
275 1625 335 1670 enim
355 1624 494 1674 Camertium
511 1627 622 1678 cohorter.
640 1623 697 1672 miri
712 1627 800 1673 virtute
816 1627 858 1672 vim

193 1687 336 1736 Cimbrorum
348 1690 489 1744 sustinentes,
502 1691 525 1736 in
536 1689 584 1752 lpair
594 1691 648 1744 acie,
663 1691 771 1737 adversus
786 1691 859 1738 condi-
894 1707 895 1712 ¹

192 1753 276 1802 tionem
283 1753 381 1809 nedem,
391 1756 481 1802 civitate
489 1756 587 1802 donavit.
604 1755 673 1809 Quod
680 1755 771 1815 quidem
778 1755 859 1802 factum

191 1827 216 1868 et
226 1835 279 1866 vere
289 1826 312 1866 et
320 1820 412 1882 egregie
419 1820 541 1873 excusavit.
554 1819 648 1866 dicendo
660 1821 742 1866 “inter
749 1834 859 1866 armemur

192 1885 310 1947 strepitum
318 1886 385 1932 verba
394 1900 418 1931 ae
425 1885 482 1946 juris
493 1880 564 1931 civilia
572 1885 676 1932 exaudire
684 1899 730 1929 non
739 1881 859 1946 potuisse.”

193 1950 227 2002 Er
243 1965 297 1997 eane
311 1950 334 1996 id
349 1951 437 2011 tempus
453 1956 577 2004 macerat,
593 1965 639 2010 quo
655 1949 728 2011 magis
744 1948 861 1996 ddendere

193 2030 261 2076 quam
272 2015 349 2062 audire
358 2015 421 2077 leges
432 2015 554 2076 oportebat.
893 2039 894 2076 p

227 2077 276 2142 (9.)
295 2077 324 2127 C.
338 2079 407 2126 Marii
422 2080 518 2140 vestigia
532 2080 612 2140 ubique
625 2076 654 2124 L.
669 2078 731 2125 Sulla
742 2078 862 2126 certamine

192 2144 264 2190 leudis
284 2145 432 2205 subsequitur.
463 2143 570 2192 Dictator
587 2145 647 2191 enim
667 2143 779 2205 Pompeio
799 2143 862 2190 etiam
893 2173 894 2210 p

193 2209 281 2269 privato
293 2217 316 2255 et
327 2217 393 2270 caput
403 2209 523 2270 adaperuit,
536 2217 559 2256 et
570 2208 624 2256 aelli
632 2209 761 2262 assurrexit
775 2216 801 2255 et
809 2221 863 2268 equo
893 2213 894 2265 l

194 2271 322 2319 descendit:
341 2289 411 2333 eaque
423 2289 447 2320 ae
457 2274 551 2320 libenter
560 2273 633 2320 facere
643 2275 667 2319 in
682 2273 794 2320 concione
809 2287 863 2335 pne·

194 2335 291 2392 dicauit;
305 2351 391 2384 memor
399 2338 427 2384 ab
435 2353 469 2391 eo,
482 2339 635 2400 duodevign'nti
643 2339 708 2385 annia
716 2346 778 2392 nato,
792 2345 863 2400 parta

195 2412 247 2442 auae
258 2402 357 2446 exercitu
367 2409 460 2462 patemo
471 2403 564 2465 adjutas.
590 2403 667 2450 Multa
682 2403 782 2464 inngnia
796 2401 862 2449 Pom·
892 2421 893 2452 l

193 2460 259 2534 pelo}
277 2464 316 2508 aed
327 2466 402 2510 nereio
417 2481 446 2512 an
461 2469 504 2513 lroc
519 2468 638 2528 quidquam
649 2467 801 2514 admirabilius
812 2479 861 2512 con·

194 2528 357 2648 ἱξῑξέθὲξξά,
370 2531 524 2590 magnitudine
533 2531 640 2587 benalmil,
654 2533 689 2578 aui
700 2532 803 2580 oblivisci
814 2529 861 2578 Sul.-
892 2579 893 2584 ,

227 2647 288 2712 (10·)
308 2652 342 2702 Sit
357 2654 437 2718 aliquia
453 2659 477 2705 in
491 2675 580 2710 nummo
596 2661 714 2726 epleadore
729 2661 860 2710 etiamaor·
892 2655 893 2671 ¹
