1870 2990
175 183 253 235 var.
266 177 404 237 usam
421 187 475 236 na
489 185 536 236 rx,
555 187 616 238 oss.
632 173 654 235 t.
699 179 755 237 aaa

76 314 255 379 qtae-inelytana,
272 324 295 365 et
308 317 405 366 nobssem
415 333 509 382 puerum
522 317 674 372 Saturninum,
687 317 710 365 in
721 317 754 366 ed

78 381 201 442 prostituit·
223 379 348 446 [Probrosa
362 382 486 448 patientiae]
498 399 597 446 corpora,
609 383 704 430 ludibrio
714 389 749 430 te·

77 445 187 492 mulentre
194 446 278 494 libidini
288 447 376 496 futura!
395 449 471 511 epulas
482 449 610 496 consubbus
621 455 645 496 et
655 448 749 495 tn'bunis
789 488 791 492 .

78 523 125 556 non
136 511 284 565 celebrandas,
298 511 337 558 sed
348 512 504 561 vindicandas!
672 527 676 536 ·

111 570 162 638 (9.)
175 575 292 638 Praecipue
303 591 357 623 vero
367 575 471 624 Catilinae
481 577 548 624 libido
557 578 657 625 scelesta.
676 575 746 632 Nam,

77 653 164 686 vasam
172 655 248 686 amore
256 641 357 688 Aureliae
365 641 478 688 Orestillre
486 651 608 704 correptus,
616 657 668 689 cum
677 655 750 689 unum

77 701 262 765 impedimentum
280 705 373 759 videret,
391 721 437 767 quo
456 707 530 753 minua
550 707 633 768 nuptiis
650 708 709 754 inter
723 722 748 753 se

73 769 233 831 jungerentur,
250 769 320 816 fllium
339 785 411 824 suum,
430 785 497 832 quem
515 777 538 817 et
555 771 626 818 solum
643 779 666 818 et
682 779 748 818 aetate

74 833 125 896 jans
138 834 246 894 puberem
262 835 362 888 babebat,
378 847 467 882 veneno
482 835 585 893 sustulit3
602 837 750 897 protinusque

78 911 109 974 ²¹
119 899 574 1010 ¹⁰⁸titiissi‘ti‘it3t‘ti‘
586 913 748 1012 iim'dn‘ii

79 969 161 1073 ἳὲξάἓ
171 1027 246 1074 animo
257 1028 329 1074 civem
344 1043 432 1091 gerens,
450 1045 495 1090 quo
508 979 594 1090 patra
609 998 693 1090 egerat
708 1028 748 1074 {iiii

79 1091 164 1204 ff?
180 1091 295 1147 Manibus,
307 1099 332 1140 at
346 1091 430 1141 nefaria
444 1099 560 1141 attentatae
573 1093 658 1156 patrie,
670 1107 749 1156 poenas

354 1267 468 1314 Emmas
798 1319 800 1326 Ι

113 1351 163 1417 (1.)
181 1353 215 1401 At
233 1351 348 1418 Campana
362 1354 452 1402 luxuria
465 1367 572 1416 perquam
587 1351 648 1400 utilis
662 1351 749 1400 civitati

78 1425 165 1465 nostre
181 1418 231 1466 fuit.
255 1418 370 1466 Invictum
387 1421 448 1466 enim
466 1419 533 1466 annis
550 1417 701 1466 Hannibalem
719 1415 747 1464 il-

77 1481 172 1531 lecebris
191 1484 236 1530 suis
256 1499 305 1530 com
321 1485 379 1538 lexa,
402 1484 536 1532 vincendum
555 1483 661 1530 Romano
680 1483 745 1529 militi

77 1547 175 1594 indidit.
200 1545 244 1595 Illa
274 1549 303 1562 '⁸
327 1549 452 1596 ntissimum
468 1549 554 1602 ducem,
570 1549 609 1596 illa
622 1549 745 1596 exercitum

76 1611 218 1666 aoerrimum,
230 1613 321 1731 dapibus
327 1615 403 1676 largis,
415 1614 534 1661 abundanti
545 1614 605 1669 vino,
618 1621 747 1676 unguento·

78 1691 129 1724 rum
144 1675 251 1740 ingmnti
290 1677 387 1726 Veneris
403 1693 444 1725 usu
459 1679 583 1731 lasciviore,
598 1679 627 1726 ad
641 1693 745 1724 somnum

76 1747 101 1788 et
109 1739 200 1788 delicias
207 1742 317 1789 evocavit.
335 1743 372 1788 Ac
383 1749 432 1789 turn
443 1742 532 1788 demum
540 1742 611 1788 fracta
621 1748 644 1788 et
652 1750 747 1789 contusa

77 1803 167 1853 Punica
180 1805 256 1853 feritas
267 1814 308 1860 est,
321 1821 371 1854 cum
384 1806 483 1868 Seplasia
493 1806 521 1858 ei,
533 1813 556 1852 et
567 1805 662 1858 Albana,
675 1813 748 1852 castra

74 1869 748 1996 ttatttrititttssititiiitiattigit

76 2005 140 2053 eunt,
155 2000 227 2062 sopita
237 2001 309 2062 gloria
319 2002 343 2048 in
354 1999 467 2047 infamiam
478 1999 622 2052 convertitur,
635 1999 748 2059 animique

76 2064 162 2127 pariter
175 2071 199 2111 et
214 2065 313 2128 eorporis
331 2066 390 2134 vires
407 2070 578 2128 expugnantur:
597 2063 653 2110 adeo
667 2070 692 2108 ut
707 2077 748 2109 ns·
813 2057 817 2069 '

76 2129 143 2181 roias,
161 2129 188 2176 ab
202 2129 332 2178 hostibusne
349 2145 378 2178 an
392 2131 420 2178 ab
434 2130 477 2178 illis
492 2129 540 2192 oapi
551 2127 696 2191 perniciosius
707 2127 747 2174 has

42 2231 49 2246 ,
75 2193 175 2241 bendum
186 2194 223 2241 sit.

110 2255 160 2322 (2)
178 2256 239 2313 Quas
253 2259 321 2308 etiarn
331 2259 508 2307 Volsiniensium
519 2257 596 2306 urbem
606 2257 712 2322 gravibrrs
723 2259 746 2304 et'

74 2323 232 2371 erubasoendis
240 2323 338 2371 cladibus
345 2322 493 2388 implicitant.
511 2323 569 2372 Erat
576 2324 689 2387 opulenta,
698 2328 747 2369 erat

76 2385 178 2435 moribus
188 2395 212 2435 et
219 2388 306 2452 legibus
317 2399 410 2447 ornata;
422 2389 522 2438 Etruaiae
532 2397 600 2452 caput
609 2389 742 2436 habebatur:

76 2451 125 2505 led.
142 2459 261 2515 postqum
277 2452 367 2501 luxurii
384 2454 487 2516 prolapsa
505 2461 547 2508 est,
567 2453 591 2499 in
609 2452 745 2516 protundum

75 2515 207 2580 injuriarum
222 2525 246 2566 et
256 2517 398 2582 turpitudinis
408 2518 497 2571 decidit,
508 2524 534 2563 ut
544 2531 660 2564 servomm
672 2532 696 2564 ae
710 2517 746 2564 in·

75 2581 235 2629 soientissimre
243 2581 388 2630 dominationi
397 2583 527 2644 suisjioeret:
541 2581 587 2641 qui,
598 2582 695 2644 primum
707 2580 746 2628 ad·

75 2645 170 2693 modum
185 2648 249 2709 pauci
260 2647 395 2695 senatorium
407 2647 507 2693 ordinem
522 2644 606 2693 intrare
615 2645 670 2699 ausi,
690 2659 745 2692 mox

75 2711 206 2761 uuiversum
223 2711 380 2776 rempubliouu
397 2718 570 2775 occupaverunt.
599 2709 747 2760 Testamerua

476 2779 517 2821 22
