1820 2982
173 140 220 186 128
263 137 340 188 VAL
355 135 492 188 MAXIMI
508 135 561 184 au
575 133 624 184 111.
643 133 703 186 Car.
716 138 739 184 8.
805 143 807 150 “

172 269 216 316 bua
226 268 334 320 inserena,
348 263 447 328 maligni
456 265 563 314 rehtione
571 264 768 330 comprebeodatot
783 263 823 314 nl·

174 333 233 394 quia,
245 348 259 379 a
269 332 357 378 tribuno
367 331 436 392 plebis
446 331 554 392 producta
563 330 592 378 ad
601 330 715 392 populum,
730 330 753 375 ia
763 329 827 374 maai·

175 395 213 442 mia
227 395 365 448 confusions,
381 395 436 442 nibil
452 411 467 442 s
480 403 569 442 tuorum
583 394 727 457 amplitudine
740 394 827 454 degens·

175 461 236 514 nisti,
248 457 357 506 honorati
364 457 472 506 memoriis
478 475 606 521 prosequar.
626 458 711 506 coacta
721 473 745 504 es
754 473 780 504 eo
789 455 827 504 uo·

177 525 305 577 consistere,
326 524 363 570 ubi
381 525 506 585 principum
523 524 619 570 civitatis
638 523 759 584 perturbari
773 521 829 568 froas

177 589 268 636 solebat
298 586 399 635 Instabat
414 589 453 636 tibi
468 595 533 634 torvo
547 589 611 635 vultu
621 588 693 634 minas
703 586 828 648 prolunrlenr

177 652 312 714 amplissima
330 659 442 715 potestas:
462 653 546 700 clamor
563 653 672 713 imperitae
691 650 830 698 multitudinis

177 718 329 778 obstrepebat:
349 724 421 764 totum
431 716 505 762 forum
516 717 624 764 acerrimo
635 716 709 764 studio
721 716 829 766 nitebunt.

178 789 205 828 ut
219 781 320 842 Equitio,
337 781 372 828 cui
385 781 523 842 Semproniae
533 781 608 842 gentis
618 780 699 828 falsum
706 782 745 842 jus
755 795 832 840 quere·

177 847 250 900 batur,
260 853 372 905 tamquam
381 845 426 892 iilic
434 843 518 892 Tiberii
524 845 598 892 fratria
607 845 647 898 tui,
655 846 755 892 osculum
763 845 830 892 dares:

179 919 205 958 tu
224 918 298 958 tamen
317 909 388 962 iilum,
405 910 481 956 nescio
497 910 576 970 quibus
591 910 687 956 tenebris
705 916 833 971 protractum

115 1012 117 1022 ,
177 983 313 1038 portentum,
323 973 451 1022 exsecrabili
459 972 550 1020 audacii
557 974 584 1020 ad
593 974 741 1036 usurpandam
748 975 835 1020 alienam

178 1040 366 1104 propinquitatem
377 1039 512 1091 tendentem,
525 1039 631 1099 repulisti.

212 1102 261 1169 (7.)
279 1103 334 1152 Non
348 1103 521 1165 indignabuntur
533 1101 602 1149 Urbis
612 1109 696 1149 nomas
706 1102 797 1155 lumina,
812 1101 834 1152 si,

178 1171 238 1216 inter
247 1184 325 1216 eorum
336 1169 442 1214 eximium
452 1166 571 1228 fulgorem,
587 1168 743 1214 centurionum
754 1180 836 1227 quoquo

179 1235 251 1282 virtus
268 1232 410 1294 spectandam
427 1248 451 1278 se
467 1231 577 1278 obtulerit.
602 1231 671 1284 Nam,
690 1239 716 1277 ut
731 1231 838 1277 humilitas

180 1297 346 1358 amplitudinem
361 1296 461 1343 venerari
472 1295 543 1348 debet,
556 1296 587 1342 ita
600 1292 736 1359 [nobilitate]
747 1294 838 1342 fovenda

181 1362 254 1422 magis
261 1376 328 1420 quarn
340 1360 463 1420 spernenda
470 1361 535 1406 bonae
546 1359 626 1406 indolis
636 1361 724 1406 novitas
735 1367 779 1408 est·
804 1361 838 1406 An

181 1425 240 1486 abigi
254 1424 319 1470 debet
333 1423 363 1469 T.
374 1423 470 1470 Pontius
484 1425 511 1470 ab
525 1425 605 1470 borum
622 1425 775 1485 exemplorum
790 1437 839 1470 ooa-

180 1487 262 1536 textu?
278 1488 323 1547 qui,
334 1503 376 1548 pro
387 1486 484 1535 Caesaris
495 1489 592 1549 partibus
602 1490 721 1541 excubans,
734 1487 839 1550 Scipionis

179 1552 282 1616 praesidio
293 1551 435 1612 interceptus,
448 1567 499 1598 curn
508 1567 553 1598 uno
561 1553 628 1598 modo
637 1553 696 1600 salus
707 1555 734 1600 ab
745 1569 773 1600 eo
781 1553 840 1598 alare-

180 1625 223 1670 tur,
242 1616 260 1662 si
272 1613 405 1662 soluturum
421 1615 466 1664 Cn.
481 1615 590 1679 Pompeii,
605 1618 682 1679 generi
697 1617 774 1679 ipsius,
786 1617 840 1663 mili·
893 1651 894 1654 ι

84 1716 86 1720 -
181 1688 227 1728 tem
235 1677 374 1734 affinninaet,
387 1681 419 1727 ita
429 1682 563 1743 respondere
573 1697 618 1728 non
629 1682 749 1728 dubitavit:
771 1689 788 1712 ⁴⁶
795 1679 842 1728 ’ilbi

180 1746 277 1808 quidem,
290 1744 372 1806 Scipio,
385 1745 469 1808 gratias
479 1762 536 1810 ago:
556 1746 595 1792 sed
605 1746 660 1792 mihi
671 1746 703 1792 uti
714 1744 758 1792 ica
769 1745 841 1793 condi·

181 1811 304 1858 bonevitae
312 1824 358 1856 non
366 1809 491 1874 anepos-’¹
518 1810 571 1858 Sine
582 1809 842 1873 ullisimaginr'bmnobi-

181 1877 226 1924 lem
237 1873 349 1922 animum!

216 1937 265 2004 (8.)
283 1939 347 1988 Idem
358 1938 489 1986 constantiae
499 1939 637 2002 propositum
650 1946 741 1986 secutus
753 1937 784 1987 C,
794 1937 844 1985 Me·
893 1957 895 1978 s

182 2006 240 2058 uiua
258 2004 358 2052 centurio
377 2003 422 2050 divi
441 2004 549 2066 Augusti,
569 2019 620 2052 cum
639 2004 772 2051 Antoniano
790 2003 845 2050 bella

183 2067 846 2186 ttnltizziitiffiitiffilttltffi
894 2121 895 2124 ‘

182 2198 282 2244 andriam
296 2197 422 2258 perductus,
438 2199 638 2259 interrogatusque,
654 2197 760 2258 quidnam
779 2197 808 2244 de
821 2209 847 2241 eo

182 2261 251 2308 statui
262 2261 364 2317 deberem
383 2267 398 2290 ‘⁶
409 2260 514 2324 Jugulari
524 2260 586 2315 ma,”
598 2263 676 2322 inquit,
691 2269 706 2292 ‘⁸
713 2263 785 2324 Juber
799 2260 848 2322 quia

184 2339 226 2370 nec
241 2323 317 2369 salutis
333 2323 447 2379 beneficio,
466 2341 538 2386 neque
554 2327 633 2372 mortio
647 2327 755 2388 supplicio
771 2323 849 2372 adduci

183 2389 282 2448 possum,
300 2394 325 2432 ut
335 2395 374 2432 aut
386 2387 483 2436 Caesaris
493 2391 557 2437 miles
567 2405 617 2438 esse
627 2390 734 2444 desinam,
746 2397 850 2438 suttune

184 2463 234 2495 esse
252 2449 382 2510 incipiam.”
411 2451 533 2507 Ceterum,
555 2470 601 2515 quo
619 2456 759 2502 constantius
781 2455 850 2502 vitm

184 2512 310 2564 contemsit,
320 2528 348 2557 eo
358 2513 444 2562 facilius
453 2517 588 2578 impetravit,
607 2519 722 2568 Antonius
733 2521 797 2567 enim
808 2518 852 2568 vir·

184 2574 228 2620 tuti
239 2574 286 2635 ejus
297 2575 472 2626 incolumitatem
483 2581 565 2629 tribuit.
