1842 2992
144 137 178 182 so
246 131 323 179 vnn.
338 127 475 179 nixum
491 127 543 176 m.
558 127 592 176 11.
612 127 672 178 cr..
687 130 708 174 1.
751 91 754 98 ”

148 277 194 324 quo
204 275 234 308 ex
244 275 306 306 more
317 259 399 320 nuptiis
409 257 475 305 etiam
486 272 546 304 nunc
556 256 656 319 auspices
665 257 812 318 interponun-

147 335 198 374 tur:
213 325 256 386 qui,
267 325 368 384 quamvis
375 316 471 384 auspicia
477 331 552 384 petere
558 321 668 376 desierint,
680 322 728 382 ipso
737 329 813 371 tamen

150 391 242 438 nomine
252 389 335 434 veteris
345 387 510 438 consuetudinis
520 386 616 448 vestigia
626 393 739 447 usurpant.

98 466 100 473 ·
183 451 231 518 (2.)
249 451 351 500 Feminae
364 468 416 498 curn
426 453 480 498 viris
490 451 619 498 cubantibus
630 451 731 498 sedentes
742 451 814 496 coeui-

150 519 239 566 tabant:
258 532 309 577 quae
326 516 463 563 consuetudo
482 531 511 562 ex
529 516 644 561 hominum
663 517 766 562 convictu
785 517 814 562 sd

151 583 226 628 divina
236 581 372 643 penetravit:
392 596 443 628 narn
454 579 471 628 J
472 582 520 627 ovis
531 580 596 641 epulo
606 580 654 642 ipse
664 580 687 624 in
698 579 813 634 lectulum,

151 646 214 696 Juno
231 653 254 694 et
272 645 378 692 Minerva
396 645 419 690 in
439 645 510 700 sellas,
530 645 558 691 ad
576 659 664 690 coenam
683 644 812 690 invitantur.

154 705 223 765 Quod
232 725 305 772 genus
316 710 438 756 severitatis
449 719 504 756 aetas
515 716 590 755 nostra
598 709 725 771 diligentius
736 709 760 753 in
768 705 815 756 Ca.

151 776 235 838 pitolio,
254 790 320 835 quam
331 775 354 837 iq
365 776 411 821 suls
422 775 528 828 domibus,
547 781 633 820 servat:
652 773 754 819 videlicet
764 773 816 832 quia

152 841 224 902 magis
239 839 267 886 ad
275 854 322 884 rem
328 841 423 900 pertinet
434 839 542 892 Dearum,
555 853 622 900 quam
633 837 757 894 mulierum,
769 837 815 883 dis-

151 902 232 968 crplinrl
242 903 357 951 contineri.

185 967 234 1033 (8.)
252 967 313 1022 Quae
326 983 371 1014 uno
385 973 498 1014 contentae
511 967 652 1013 matrimonio
665 965 760 1020 fuerant,
776 981 817 1012 co-

153 1033 208 1080 sont
215 1033 326 1096 pudicitiae
334 1033 504 1079 honorabantur.
523 1032 688 1080 Existimabam
695 1033 815 1076 enimcum

152 1100 264 1161 praecipue
274 1105 382 1144 matronae
393 1094 478 1143 sinceri
488 1096 531 1142 fide
541 1097 693 1158 incorruptum
704 1111 753 1142 esse
767 1096 816 1142 ani-

152 1179 222 1218 mum,
233 1161 289 1226 [qui,
302 1170 353 1224 post
363 1162 469 1223 depositae
480 1161 612 1222 virginitatis
623 1161 700 1214 cubile,
712 1161 736 1205 iu
743 1161 816 1221 publi-

153 1244 205 1274 cum
216 1225 303 1292 egredi]
315 1227 424 1282 nesciret;
441 1226 563 1272 multorum
574 1225 765 1271 matrimoniorum
775 1240 817 1271 ex·

122 1287 125 1292 “
153 1293 283 1354 perientiam
302 1291 365 1350 quasi
383 1290 489 1351 legitimae
508 1285 622 1351 cujusdam
640 1290 817 1352 intemperantiae

154 1357 244 1418 signum
257 1369 306 1400 esse
316 1355 438 1400 credentes.

187 1417 235 1482 (4.)
252 1417 380 1480 Repudium
394 1418 452 1462 inter
467 1431 560 1464 uxorem
574 1426 598 1466 et
611 1417 691 1472 virum,
704 1415 817 1466 aconaiui

155 1482 219 1530 Urbe
228 1497 298 1542 usque
306 1482 334 1528 ad
341 1482 471 1528 vicesimum
479 1489 502 1528 et
510 1483 712 1545 quingentesimum
723 1497 815 1538 annum,

154 1548 240 1593 nullum
248 1547 379 1592 intercessit.
407 1545 497 1592 Primus
505 1555 579 1594 autem
591 1548 629 1610 Sp.
641 1546 751 1599 cunnus
759 1563 817 1594 uxo-

153 1627 201 1657 rem
214 1610 334 1657 sterilitatis
346 1607 412 1657 causti
422 1611 510 1658 dimisit.
540 1611 586 1665 Qui
594 1627 728 1672 quamquam
736 1613 819 1660 totera-

153 1675 191 1722 bili
200 1676 285 1722 ratione
295 1682 370 1720 motus
381 1675 501 1730 videbatur,
511 1677 681 1738 reprehensione
688 1684 763 1724 tamen
771 1693 818 1723 uon

153 1740 238 1797 caruit;
255 1740 307 1800 quia
320 1755 361 1786 nec
376 1741 517 1801 cupiditatem
531 1741 620 1802 quidem
634 1741 752 1788 liberorum
763 1757 818 1788 cou-

148 1805 222 1868 jugali
232 1803 282 1851 fidei
294 1805 392 1866 praeponi
403 1805 503 1852 debuisse
513 1807 679 1852 arbitrabantur.

186 1865 235 1934 (5.)
254 1870 357 1931 Sedquo
371 1871 493 1916 matronale
507 1871 574 1916 decus
588 1871 728 1918 verecundiae
742 1871 817 1918 muni-

154 1941 231 1982 mento
242 1935 312 1982 tutius
326 1942 391 1990 esset,
407 1935 430 1980 in
440 1935 479 1996 jus
493 1935 583 1981 vocanti
596 1941 720 1982 matronam
735 1951 817 1998 corpus

153 2001 201 2062 ejus
215 1999 325 2062 attingere
339 2015 385 2046 non
398 1999 559 2061 permiserunt;
576 2006 601 2045 ut
615 2000 721 2049 inviolata
735 2001 816 2052 manda

152 2065 231 2112 slienae
245 2072 307 2112 tactu
317 2065 374 2111 stola
384 2064 549 2123 relinqueretur.
571 2063 626 2110 Vini
636 2080 690 2112 usus
701 2066 753 2110 olim
765 2065 816 2112 Ro-

153 2131 225 2176 msnis
234 2129 323 2177 seminis
333 2129 425 2191 ignotus
437 2127 487 2181 fuit,
503 2143 532 2175 ne
547 2128 630 2175 scilicet
644 2129 667 2176 in
678 2130 766 2189 aliquod
776 2131 816 2176 de-

152 2194 220 2241 decus
236 2195 415 2257 prolaberentur;
432 2193 483 2252 quia
499 2193 614 2254 proximus
630 2209 644 2242 a
658 2193 740 2241 Libero
754 2203 818 2257 patre

152 2259 328 2320 intemperantiae
342 2257 424 2320 gradus
439 2257 467 2304 ad
480 2257 632 2305 inconcessam
644 2257 756 2306 Venerem
767 2275 818 2308 esse

152 2323 276 2369 consuevit.
307 2321 428 2378 Caeterum,
439 2329 465 2368 ut
476 2337 521 2368 non
532 2323 601 2369 tristis
609 2339 685 2369 eurum
696 2331 718 2370 et
729 2326 819 2375 horrida

152 2387 264 2447 pudicitia,
282 2387 320 2431 sed
331 2387 425 2432 honesto
435 2387 545 2433 comitatis
555 2402 639 2449 genere
649 2395 769 2450 temperata
780 2405 819 2437 es-

154 2457 195 2502 set,
207 2449 371 2509 indulgentibus
380 2451 471 2504 meritis,
481 2460 503 2497 et
512 2467 565 2496 auro
573 2453 699 2507 abundanti,
711 2461 734 2498 et
745 2454 816 2502 multa

152 2511 249 2574 purpuria
260 2528 307 2570 usae
318 2523 382 2560 sunt:
402 2522 431 2567 et,
449 2531 493 2574 quo
507 2515 601 2562 formam
612 2533 674 2562 suam
686 2520 816 2566 concinno.

153 2591 201 2622 rem
212 2575 336 2630 efficerent,
348 2576 435 2624 summai
445 2594 497 2625 cum
511 2579 625 2642 diligentis
635 2581 725 2642 capillos
739 2585 814 2632 cinere

152 2637 276 2688 rutilrirunt.
304 2640 368 2689 Nulli
382 2643 441 2690 enim
455 2651 509 2696 tunc
524 2646 678 2694 subsessorum
692 2648 814 2699 alienorum
