1828 2982
171 179 218 228 sss
270 175 350 226 vni.
361 145 500 226 ussum
517 173 570 223 ns
583 173 619 223 v,
635 173 732 225 case

169 307 230 356 cium
241 313 365 369 pensaret.
383 305 472 354 Nactus
482 305 621 354 oocsdonem
630 312 775 368 opportunum
783 321 834 368 pro-
850 345 854 350 .

170 372 244 434 posito
260 387 308 424 suo,
320 373 411 432 juvenis
425 371 531 433 gladium,
547 385 614 431 quem
628 379 713 418 tectum
723 372 831 425 sttuierst,

144 467 147 475 ·
171 437 304 494 destrinxit;
320 436 484 496 tribunumque,
501 436 567 482 minis
586 451 611 482 sc
630 443 716 482 terrore
734 437 834 497 compul-⁵
889 470 890 496 3

172 515 230 554 aum,
242 502 319 562 jurare
335 500 417 561 coegit,
434 501 530 562 epatris
545 501 594 562 ejus
609 500 749 546 accusatione
763 515 835 546 reces-

172 580 263 611 surum:
282 579 354 624 eoque
372 563 476 611 effectum
495 571 536 619 est,
557 579 586 611 ne
601 563 729 624 Torquatus
747 576 838 611 causam
890 582 891 610 1

172 630 262 676 diceret.
291 627 480 676 commendabilis
498 637 533 676 est
550 630 627 691 pietas,
645 643 698 690 quae
717 629 836 676 mansuetis
890 625 891 630 ’

163 694 299 757 parentibus
313 700 445 755 praeststur:
465 694 505 740 sed
515 693 623 748 Manlius,
639 709 684 754 quo
693 693 834 740 horridiorem
886 692 892 740 ,³

172 768 259 821 patrem
270 759 353 811 babuit,
369 759 412 806 boc
422 759 551 805 laudabilius
561 759 659 820 periculo
670 760 717 821 ejus
729 759 834 812 subvenit,
892 804 893 818 ,

173 823 211 884 qui
227 824 321 870 adeum
339 823 483 885 diligendum,
500 831 582 885 praeter
596 823 719 878 naturalem
731 837 835 878 amoreis,

173 887 236 934 nullo
247 888 393 950 indulgentiae
403 887 554 934 blandimento
564 889 670 935 inritatus
680 886 758 934 fuerat.

207 951 257 1017 (4.)
275 952 344 999 Hanc
358 955 463 1015 pietatem
477 953 595 1000 emulatus
609 952 646 998 M.
658 950 733 1005 Cotta,
748 967 775 998 eo
789 952 837 1014 ipso

173 1017 217 1071 dre,
227 1033 271 1079 quo
283 1025 359 1080 togam
372 1017 451 1064 sumsit
463 1017 555 1070 virilem,
564 1017 666 1079 protinus
674 1025 721 1062 ute
729 1014 838 1078 Capitolio

175 1083 296 1136 descendit,
310 1081 355 1130 Cn.
367 1081 499 1134 Carbonem,
514 1097 583 1142 squo
593 1089 656 1143 pater
666 1082 713 1143 ejus
725 1081 838 1138 damndus

174 1146 254 1201 iuerat,
269 1147 406 1209 postulavit3
422 1153 580 1208 peractumque
591 1161 653 1192 reum
660 1146 744 1208 judicio
755 1145 838 1199 afflixit,

176 1284 248 1323 cetus.

210 1339 259 1404 (⁵.)
276 1341 346 1402 Apud
357 1339 386 1389 C.
399 1355 487 1402 quoque
498 1339 633 1388 Flaminium
644 1340 764 1390 auctoritas
773 1339 843 1402 patria
897 1360 898 1380 r

176 1420 241 1466 reque
258 1413 338 1466 potens
351 1405 402 1451 fuit.
425 1405 557 1459 Nemeum,
570 1407 671 1452 tribunus
681 1407 758 1467 plebis,
769 1406 842 1467 legem

177 1471 204 1516 de
220 1469 308 1516 Gallico
323 1485 378 1530 agro
395 1470 477 1516 viritim
494 1471 619 1524 dividendo,
637 1471 708 1516 invito
724 1477 748 1516 et
763 1485 842 1531 repug-

176 1541 245 1580 nante
261 1539 347 1586 senatu,
365 1533 537 1596 promulgdsset,
554 1536 655 1597 precibus
671 1535 783 1596 minisque
798 1537 844 1598 ejus

176 1597 283 1646 acerrime
293 1598 406 1651 resistens,
419 1613 446 1645 uc
457 1615 486 1646 ne
496 1601 596 1647 exercitu
606 1600 695 1660 quidem
706 1599 814 1646 adversus
822 1613 845 1644 se

176 1662 310 1724 conscripto,
322 1663 341 1709 si
351 1662 375 1708 in
386 1661 463 1710 eidem
475 1662 585 1711 sententiis
594 1671 752 1726 perseveraret,
762 1665 844 1710 abster-

176 1728 247 1784 ritus;
264 1735 382 1790 postquam
399 1744 441 1790 pro
455 1728 547 1775 Rostris
561 1729 581 1776 ei
595 1729 669 1792 legem
678 1730 726 1790 jem
742 1728 844 1775 referenti

176 1800 240 1856 pater
261 1808 353 1840 manum
366 1793 457 1856 ¹injecit,
477 1794 564 1856 privato
582 1792 666 1841 fractus
683 1794 782 1856 imperio,
806 1793 845 1839 de·

179 1857 265 1905 scendit
276 1875 289 1906 e
300 1857 397 1912 Rostris,
410 1873 439 1904 ne
449 1859 543 1906 minimo
553 1858 642 1920 quidem
653 1873 768 1906 munuure
777 1858 845 1905 desti·

177 1931 233 1971 tutae
245 1923 359 1970 concionis
370 1924 522 1985 reprehensus.

212 1986 260 2052 (6.)
279 1987 367 2050 Magna
385 1995 438 2034 sunt
456 1989 505 2034 haec
521 1987 591 2035 virilis
606 1988 694 2051 pietatis
710 2003 789 2050 opere3
808 1987 845 2035 sed

178 2053 254 2100 nesdo
264 2069 298 2114 ¹an
314 2054 348 2100 bis
363 2053 465 2099 omnibus
479 2053 590 2100 valentius
604 2061 627 2100 et
640 2053 762 2100 animosius
776 2051 845 2102 Clau-

179 2119 229 2172 diae,
247 2117 347 2164 Vestalis
369 2117 468 2180 virginis,
490 2116 588 2164 iactum:
614 2133 665 2178 quae
687 2133 738 2164 cum
760 2125 845 2180 patrem

178 2197 244 2230 suum
264 2183 437 2246 triumphantem
453 2195 467 2229 e
483 2197 550 2230 curru
564 2179 665 2228 violenti
679 2182 762 2228 tribuni
778 2183 847 2244 plebis

178 2263 247 2296 manu
258 2248 344 2295 detrahi
353 2247 552 2302 animadvertisset,
564 2245 622 2293 miri
629 2247 741 2294 celeritate
749 2248 849 2308 utrisque

179 2329 204 2360 se
221 2313 390 2374 interponendo,
408 2312 566 2374 amplissimam
580 2317 714 2373 potestatem
729 2311 850 2358 inimicitiis

179 2391 296 2422 accensuri
307 2377 398 2438 depulit.
418 2375 493 2438 Igitur
502 2378 596 2423 alterum
608 2376 744 2438 triumphum
755 2384 820 2439 pater
827 2377 849 2421 in

182 2437 327 2498 Capitolium,
339 2440 432 2486 alterum
444 2440 489 2487 filia
499 2441 522 2485 iu
534 2441 605 2488 aedem
616 2441 696 2488 Vestae
706 2440 779 2488 duxit.
798 2439 849 2488 Nec

180 2502 275 2546 discerni
290 2504 369 2562 potuit,
386 2505 430 2549 utri
444 2505 494 2564 pius
508 2505 579 2550 laudis
590 2505 737 2562 tribueretur;
755 2506 792 2552 cui
802 2505 850 2554 ,rio-

180 2563 243 2614 toria,
256 2579 284 2608 an
296 2565 331 2610 cui
342 2566 420 2625 pietas,
432 2583 508 2614 comes
519 2569 602 2615 aderat.

214 2623 263 2687 (7.)
276 2624 399 2687 Ignoscite,
408 2632 554 2678 vetustissimi
564 2633 616 2686 foci,
629 2633 762 2694 veniamque
772 2633 849 2680 aetoeni

181 2688 232 2735 date
242 2689 314 2751 ignes,
326 2691 345 2736 si
356 2705 370 2736 e
380 2699 456 2742 vestro
467 2697 616 2743 sacratissimo
631 2698 716 2762 templo
729 2697 764 2748 ad.
773 2713 849 2746 uec&

174 1219 198 1259 et
212 1212 328 1274 ingenium
342 1220 366 1259 et
379 1211 550 1260 sdolescentism
564 1211 671 1293 praecisro
686 1225 753 1273 opere
767 1211 840 1273 auspi-
896 1248 897 1276 ,
