1870 2990
8 209 9 238 ,
175 167 254 220 vab.
264 167 402 226 Mnxltn
417 169 471 220 Lrs.
485 168 532 218 IX.
552 167 613 234 Car.
623 173 650 230 8,.ι
697 173 753 232 9637

8 311 11 370 q
79 311 121 346 nec
129 312 171 346 sua
180 297 404 362 pesculsrsspscere,
416 313 458 346 nec
469 298 540 347 aliena
547 297 606 346 facts
612 295 676 362 justi
684 298 745 346 esn-

80 363 179 410 mstione
188 364 299 424 prosequi,
312 363 394 411 valent.
747 405 750 420 ,

111 424 161 490 (1.)
180 425 256 482 Quam
266 427 326 476 euim
338 434 422 474 temere
437 442 462 474 se
472 427 592 476 Mricsnus
603 427 703 490 superior
714 440 743 474 ex

8 519 9 524 =
80 489 194 552 Hispania
208 491 292 538 duabus
307 492 500 553 quinqueremibus
515 492 544 540 ad
560 491 685 554 Syphacem
698 489 746 537 t'ra-

74 555 139 617 Jecit,
149 556 176 600 in
181 556 247 606 unius
256 555 364 604 Numidae
373 555 447 602 inlidis
456 557 585 620 praecordiis
593 572 656 604 susm
663 555 746 618 pariter

80 625 107 668 et
121 620 200 680 pstriae
217 620 311 666 salutem
329 619 482 682 depositurus!
501 619 582 682 Itaque
595 622 679 684 exiguo
695 635 746 666 mo-

78 689 158 730 mento
168 683 273 732 maximae
284 684 316 732 rei
326 699 390 732 casus
400 683 521 733 fluctuatus
531 692 574 740 est,
590 693 666 733 utrum
676 686 756 732 inter-⁴

77 746 153 794 sector
162 762 192 794 sn
203 749 303 810 captivus
314 749 424 811 Scipionis
436 749 528 813 Syphax
536 749 608 798 lieret·

113 809 164 875 (2.)
180 809 234 860 Jum
250 811 278 861 C·
291 811 388 862 Caesaris
402 825 484 876 anceps
499 820 599 867 conatus,
612 813 654 859 etsi
665 813 746 860 coeles-

79 876 139 923 tium
153 875 207 922 curi
220 885 334 939 protectus
348 885 391 932 est,
406 879 446 925 vix
460 885 536 924 tamen
551 877 600 924 sine
613 877 681 924 animi
692 879 746 922 bor-

80 955 133 986 rore
152 939 228 988 referri
246 949 334 1004 potest:
357 942 473 1004 siquidem,
494 941 612 1004 impatiens
630 941 746 1002 legionum

80 1004 185 1052 tardioris
195 1020 209 1052 a
218 1005 339 1052 Brundisio
350 1007 494 1068 Apolloniam
505 1005 617 1068 thectiis,
628 1020 669 1066 per
677 1005 747 1050 simu-

79 1069 188 1116 lationem
202 1069 302 1118 adversae
317 1070 449 1118 ualetudinis
460 1071 564 1118 convivio
574 1083 686 1132 egressus,
698 1083 747 1114 ma-

76 1134 161 1196 jestate
168 1131 209 1180 sui
217 1135 292 1181 seroib
302 1142 366 1189 veste
375 1133 492 1188 occmmti,
504 1135 629 1182 naviculam
638 1146 747 1180 conscen-
802 1177 806 1181 .

81 1198 124 1252 dis,
139 1204 171 1253 et,
187 1213 201 1246 e
217 1197 317 1254 flumine,
334 1200 402 1246 maris
416 1199 525 1246 Adriatici
540 1195 601 1246 saevt
614 1203 747 1259 tempestate

79 1261 157 1310 fauces
170 1263 247 1324 petiit:
266 1264 411 1327 protinusque
425 1265 449 1310 in
464 1264 535 1312 altum
549 1263 615 1324 dirigi
625 1263 691 1324 jusso
706 1275 747 1308 na-

79 1326 152 1388 vigio,
169 1327 265 1374 multum
284 1343 311 1376 sc
332 1329 370 1375 diu
388 1328 504 1376 contrariis
516 1329 615 1390 jactatus
633 1325 745 1379 fluctibus,

79 1390 171 1438 tandem
181 1392 308 1439 necessitati
318 1393 392 1440 cessit.

113 1452 163 1518 (s.)
175 1456 236 1518 Age,
245 1457 282 1504 ills
292 1471 359 1518 quam
367 1456 508 1504 exsecrabilis
515 1455 611 1502 militum
619 1452 743 1502 mmeritis!

80 1517 146 1568 Fecit
157 1520 217 1566 enim
228 1527 254 1568 ut
264 1522 295 1568 A.
306 1521 409 1576 Albinus,
422 1522 543 1576 nobilitate,
554 1521 661 1574 moribus,
673 1520 746 1566 bono-

79 1599 131 1630 rum
146 1585 247 1631 omnium
261 1587 454 1634 consummatione
468 1587 523 1633 civis
537 1587 640 1640 eximius,
655 1590 746 1647 propter

78 1646 147 1694 sebas
158 1655 182 1695 et
191 1647 268 1696 inanes
283 1651 425 1712 suspiciones,
438 1651 462 1696 in
476 1650 554 1698 castris
565 1651 592 1700 ab
602 1649 702 1696 exercitu
712 1648 746 1695 la-

79 1712 167 1773 pidibus
185 1714 328 1762 obrueretur:
353 1715 457 1775 quodque
474 1714 624 1760 accessionem
642 1713 746 1773 indigna·

79 1776 148 1822 tionis
167 1789 213 1822 non
232 1777 317 1838 recipit,
340 1778 412 1824 oranti
433 1783 501 1836 atque
519 1777 644 1822 obsecranti
662 1775 748 1832 ducis

79 1840 187 1888 militibus
198 1854 272 1888 causae
283 1840 383 1888 dicendae
393 1845 493 1902 potestas
503 1846 586 1902 negata
596 1846 638 1888 est,

359 1947 473 1994 Brinno.

112 2033 163 2101 (1.)
180 2034 260 2098 Itaque
273 2035 349 2083 minus
363 2036 438 2090 miror,
450 2035 509 2098 apud
523 2041 609 2082 trucem
624 2039 745 2080 etsaerum

80 2099 217 2148 Hannibalis
231 2101 337 2154 animum,
354 2099 488 2148 detensionis
502 2099 577 2146 locum
592 2098 684 2144 innoxio
700 2113 744 2160 gu-

77 2165 192 2212 bernatori
203 2179 248 2210 non
257 2163 340 2212 fuisse:
359 2179 433 2226 quem,
445 2180 459 2212 a
471 2161 551 2211 Penni
561 2155 632 2210 classe
642 2161 744 2210 Africam

79 2236 191 2291 repetens,
208 2227 266 2278 lreto
281 2229 393 2290 appulsus,
408 2229 462 2276 dum
477 2237 523 2276 tam
533 2243 603 2290 parvo
614 2226 685 2289 spatio
696 2224 744 2272 Ita-

77 2293 133 2342 b‘srn
145 2292 287 2353 Siciliamque
296 2293 355 2340 inter
364 2307 389 2339 se
399 2293 481 2340 divisas
491 2307 538 2340 non
548 2291 624 2346 credit,
636 2291 699 2338 velut
709 2288 745 2336 in-

78 2357 188 2404 sidiosum
199 2357 278 2403 cureris
292 2362 401 2404 rectorem
415 2357 540 2404 interemit:
559 2363 682 2420 posteaque
695 2354 746 2404 dili·.

77 2421 172 2484 gentius
181 2417 281 2482 inspecti
291 2420 392 2474 veritate,
408 2431 462 2468 tunc
474 2421 576 2475 absolvit,
588 2436 640 2468 curn
651 2421 698 2482 ejus
708 2421 744 2466 in-

78 2485 191 2532 nooense
209 2485 264 2531 nibil
282 2485 340 2532 ultra
358 2485 452 2546 sepulcri
471 2486 579 2532 bonorem
598 2485 644 2531 dari
660 2483 741 2546 potuit.

77 2547 155 2612 Igitur
173 2549 263 2610 angusti
282 2556 348 2610 atque
367 2549 459 2596 aestuosi
477 2549 544 2594 maris
563 2548 608 2594 alto
627 2563 640 2594 e
657 2547 744 2594 tumulo

77 2611 214 2677 miratrix
228 2619 307 2670 status,
325 2618 370 2661 tam
386 2612 500 2661 memoriae
516 2609 598 2666 Pelori,
615 2625 681 2671 quarn
696 2611 745 2658 Pu-
