1842 2992
213 163 246 210 64
316 159 394 214 VAL·
407 159 546 210 ΜΑΧΙΜΙ
562 159 615 210 Lm.
629 160 663 210 11.
680 159 740 210 Car.
750 166 774 210 6.

214 293 252 338 16.
269 288 388 338 Personam
400 289 527 336 institutum
562 293 598 340 17.
625 289 774 337 Numidarum
797 304 875 352 regum

307 355 331 400 in
358 351 477 420 educandis
500 355 528 402 li·
610 365 613 370 '
655 371 705 402 mos
715 355 738 400 in
746 353 878 401 auctoritate

305 417 372 466 beris.
656 418 771 466 servandi.

256 543 305 610 (1.)
329 545 393 593 Idem
413 546 482 594 sensit
500 547 601 610 proxima
619 549 728 610 majomm
747 553 875 594 nostrorum

254 611 316 658 vitati
328 612 435 673 Spartana
449 611 540 670 ciuitas3
557 628 607 672 quae
619 611 763 659 severissimis
774 611 876 672 Lycurgi

211 627 299 738 {gibus
310 675 471 737 obtemperans,
483 676 615 738 aliquamdiu
627 677 708 723 civium
720 691 812 722 suorum
822 692 877 721 ocu-

211 741 275 788 losa
289 739 458 802 contemplandi
472 740 529 787 Asia
543 741 649 798 retraxit3
665 756 693 787 ne
707 741 814 787 illecebris
828 741 876 802 ejus

214 805 280 868 capti,
298 805 325 852 ad
335 805 449 852 delicatius
458 806 511 851 vitae
521 821 594 867 genus
604 805 777 868 prolaberentur.
804 803 877 851 Audi·

212 877 277 918 crant
290 870 357 922 enim,
374 869 482 915 lautitiam
496 869 555 922 inde,
572 877 595 916 et
606 870 736 916 immodicos
747 875 840 922 sumtus,
854 877 877 916 et

212 935 288 982 omnia
296 949 341 980 non
350 934 479 980 necessariae
487 935 606 996 voluptatis
614 949 704 996 genera,
713 931 820 990 fluxisse3
830 934 876 995 pri-

214 1015 308 1060 mosque
325 997 393 1044 Ionas
410 998 526 1060 unguenti,
542 993 718 1059 coronarumque
733 998 756 1043 in
771 999 876 1047 conn'vio

214 1064 344 1127 dandarum,
360 1070 384 1110 et
398 1063 502 1110 secundae
517 1079 601 1110 mensae
611 1063 720 1125 ponendae
735 1063 876 1108 consuetudi-

213 1144 274 1183 nem,
292 1127 351 1176 huud
360 1143 429 1190 parva
438 1127 533 1176 luxuriae
543 1128 686 1182 irritamenta,
698 1127 811 1190 reperisse.
839 1129 876 1173 Ac

213 1194 306 1241 minime
317 1193 397 1239 mirum
408 1199 449 1246 est,
462 1193 522 1254 quod
532 1191 640 1244 homines,
652 1193 726 1238 labore
736 1207 761 1238 ac
771 1191 876 1252 patientiis

214 1259 345 1320 gaudentes
355 1257 508 1303 tenacissimos
516 1257 592 1318 patriae
602 1272 682 1302 nervos
690 1266 830 1302 externarum
838 1255 877 1302 de-

213 1321 313 1368 liciarum
324 1321 458 1382 contagione
469 1319 525 1366 solvi
535 1328 558 1366 et
568 1321 664 1367 hebetari
676 1321 808 1377 nolueruut;
825 1335 875 1366 cum

212 1385 325 1444 aliquanto
339 1381 461 1430 faciliorem
475 1385 563 1431 virtutis
575 1383 603 1430 ad
610 1385 726 1437 luxuriam,
736 1399 802 1444 quam
811 1383 875 1430 luxu·
905 1429 906 1436 ,

213 1447 542 1501 uiaeadvirtutem,transitum
557 1449 664 1496 viderent.
695 1447 763 1502 Quod
777 1463 816 1494 eos
831 1463 875 1494 non
905 1453 906 1479 l

213 1511 296 1558 frustra
306 1511 407 1557 timuisse
417 1511 463 1558 dux
472 1512 571 1572 ipsorum
580 1509 701 1560 Pausanias
710 1512 820 1575 patefecit,
830 1515 874 1574 qui,

215 1575 317 1622 maximis
331 1575 433 1635 openhus
443 1576 514 1630 editis,
529 1583 555 1624 ut
564 1577 660 1640 primum
671 1593 695 1624 se
705 1578 768 1624 Asiae
778 1577 875 1624 moribus

212 1638 319 1702 permisit,
328 1637 482 1688 fortitudinem
490 1655 553 1689 suam
561 1639 687 1689 effeminato
694 1643 742 1706 ejus
749 1641 811 1690 cultu
819 1642 875 1689 mol-
904 1673 905 1681 ,

213 1703 255 1750 lire
266 1717 312 1748 non
322 1703 416 1750 erubuit.

246 1759 295 1830 (2.)
312 1765 421 1830 Ejusdem
432 1769 526 1816 civitatis
534 1769 645 1818 exercitus
655 1785 701 1817 non
711 1777 763 1818 ante
773 1767 801 1817 td
812 1771 874 1818 dimi-

212 1831 308 1880 candum
318 1831 451 1881 descendere
462 1835 567 1890 solebant,
580 1850 646 1896 quam
657 1836 715 1883 tibiae
724 1843 840 1890 concentu,
853 1843 874 1882 et
903 1847 904 1885 3

212 1897 320 1960 anapaesti
333 1897 395 1960 pedis
410 1899 508 1954 modulo,
524 1900 682 1947 cohortationis
692 1899 786 1947 calorem
801 1901 874 1947 animo

212 1963 340 2016 traxissent,
349 1971 432 2024 vegeto
442 1971 465 2010 et
475 1963 552 2010 crebro
561 1964 620 2011 icttts
628 1979 683 2010 sono
691 1973 781 2012 strenue
787 1966 873 2012 hostem

210 2026 316 2075 invadere
331 2027 446 2074 admoniti.
472 2026 550 2082 Iidem,
568 2029 597 2076 ad
611 2029 791 2076 dissimulandum
803 2037 827 2076 et
837 2045 874 2076 oo-

210 2091 340 2140 cultandum
358 2092 477 2138 vulnerum
496 2107 587 2139 suorum
606 2108 714 2148 cruorem,
734 2094 834 2155 puniceis
851 2094 873 2138 iu

209 2157 290 2220 proelio
301 2155 382 2202 tunicis
393 2157 524 2214 utebantur3
535 2171 588 2210 nou,
601 2172 630 2204 ne
637 2158 690 2220 ipsis
700 2157 818 2219 adspectus
828 2159 873 2221 eJus

210 2228 326 2274 terrorem,
339 2221 378 2266 sed
389 2235 417 2267 ne
427 2221 526 2267 hostibus
537 2221 624 2268 fiduciae
634 2222 721 2282 aliquid,
734 2221 831 2269 afferret.

244 2283 294 2348 (8.)
311 2283 425 2346 Egregios
436 2285 524 2332 virtutis
534 2287 618 2334 bellicae
629 2287 718 2348 spiritus
729 2285 872 2334 Lacedaemo-

210 2348 300 2396 ariorum
310 2349 475 2409 prudentissimi
485 2351 545 2414 pacis
555 2351 652 2397 moribus
663 2351 813 2397 Athenienses
825 2351 873 2398 sub-
900 2377 901 2412 ;

211 2419 350 2472 sequuntur;
361 2413 419 2474 apud
429 2429 486 2475 quos
496 2415 575 2462 inertia
582 2431 595 2462 e
602 2415 691 2462 latebris
702 2416 756 2474 suis,
767 2415 874 2478 languore
900 2415 901 2497 l

212 2489 321 2530 mmm»
334 2475 358 2522 in
367 2475 449 2532 forum,
460 2479 551 2540 perinde
562 2494 588 2527 ac
598 2479 703 2527 delictum
714 2479 811 2541 aliquod,
823 2495 873 2544 pro·
899 2523 900 2540 2

211 2539 313 2594 trahitur,
330 2538 407 2602 fitque,
424 2549 450 2589 ut
464 2543 603 2600 facinorose,
619 2544 651 2592 ita
664 2543 821 2592 embesoeudae
837 2557 872 2590 rea

240 2664 290 2731 (t)
302 2665 410 2732 Ejusdem
421 2671 481 2719 urhis
489 2671 651 2722 emotissimum
662 2671 786 2729 consilum,
799 2671 871 2722 Areo·

804 2780 809 2792 ‘
894 2737 899 2959 l
