1828 2982
174 149 224 196 974
264 148 342 198 VAL.
355 149 493 202 Mamur
510 149 562 200 Lm.
576 149 637 200 vn.
656 147 717 200 Car.
727 155 751 198 8.

175 276 329 335 dissimulavit,
343 281 369 328 ln
383 282 460 336 altero,
472 281 609 344 disciplinam
622 281 737 343 paululum
749 289 765 326 a
779 283 846 326 recto

176 347 255 389 tenore
269 345 367 392 deflexit.
392 345 453 392 Nam
467 347 529 392 illum
544 347 609 408 plene
623 361 664 408 pro
676 343 781 392 tribunali
792 343 846 390 lau-

178 405 258 462 dando,
270 411 374 470 omnique
382 425 465 472 genere
473 412 564 457 honoris
571 409 733 472 prosequendo,
742 409 845 456 animum

178 485 243 516 suum
254 487 268 518 a
279 472 357 521 Poenis
367 476 395 522 ad
406 475 523 522 Romanos
533 475 608 536 odegit
618 489 736 522 revocare:
751 481 775 520 et
782 474 846 519 buno

177 535 235 580 clam
249 539 388 585 meretricem
404 539 511 586 redimere
523 553 609 602 passus,
624 538 788 601 paratissimum
803 552 846 599 pro

178 600 242 646 nobis
252 616 394 650 excursorem
406 603 506 650 reddidit.

212 662 258 726 (8.)
279 665 374 714 Veniam
393 683 459 730 nuno,
472 669 500 714 ad
518 683 564 720 eos,
585 668 664 728 quibus
683 667 743 717 salus
762 661 846 712 astutii

178 730 274 786 quaesita
284 738 325 777 est.
351 732 387 778 M.
399 717 515 786 Volusius,
527 731 597 778 aedilis
610 731 686 793 plebis,
698 731 844 792 proscriptus.

178 801 278 840 assumto
298 793 363 842 Isiaci
383 797 465 850 babitu,
484 812 522 858 per
541 797 620 842 itinera
637 795 728 856 viasque
746 796 847 858 publicas

176 857 258 918 stipem
277 868 362 920 petens,
383 861 484 921 quisnam
503 877 527 907 re
544 859 598 907 veri
616 869 681 912 esset,
702 867 847 906 occurrentes

179 919 311 983 dignoscere
327 940 404 986 passus
421 940 466 971 non
484 933 526 972 est.
550 924 630 985 quue
648 923 742 970 fallaeiae
761 938 845 986 genere

179 991 259 1041 tectus,
272 989 295 1034 in
307 988 343 1034 M.
355 989 420 1036 Bruti
431 997 503 1036 castra
513 990 621 1051 pervenit.
647 987 709 1041 Quid
719 986 758 1036 illi
769 1003 847 1036 neees-

177 1050 245 1098 sitate
256 1053 364 1108 miserius,
376 1070 427 1114 quas
438 1055 592 1116 magistratum
603 1053 677 1115 populi
689 1053 797 1106 Romani,
809 1053 847 1098 ab·

173 1115 237 1176 jecto
253 1118 343 1164 honoris
357 1125 474 1180 praetexto,
492 1119 623 1180 alienigenae
638 1117 752 1178 religionis
767 1118 845 1164 obscu-

179 1187 252 1226 ratum
263 1183 393 1244 insignibus,
406 1199 451 1244 per.
457 1182 543 1229 Urbem
550 1183 619 1245 jussit
628 1181 747 1228 incedere?
759 1181 845 1229 Omnes

179 1251 219 1290 sut
230 1246 252 1290 hi
261 1262 308 1294 suae
317 1249 377 1301 vitre,
389 1256 428 1294 aut
438 1247 470 1292 illi
478 1248 556 1294 alienae
564 1247 643 1294 mortis
653 1246 734 1307 cupidi,
746 1247 786 1306 qui
796 1245 847 1294 talis

181 1309 216 1355 vel
227 1311 268 1372 ipsi
279 1312 438 1365 sustinuerunt,
450 1311 487 1358 vel
497 1312 552 1358 alios
562 1311 646 1372 perpeti
657 1311 789 1372 ellegerunt.

214 1373 263 1437 (9.)
281 1376 404 1436 Aliquanto
419 1377 539 1438 speciosius
557 1376 627 1423 Sentii
643 1375 759 1422 Saturnini
775 1374 846 1422 Vetu-

180 1437 255 1492 lionis,
263 1439 285 1484 in
293 1441 371 1486 eodem
382 1456 465 1502 genere
476 1441 548 1495 casus,
560 1441 645 1488 ultimae
656 1440 723 1486 sortis
730 1441 843 1488 auxilium.
906 1453 907 1471 ³

182 1498 229 1553 Qui
244 1518 295 1548 cum
309 1519 323 1550 a
338 1505 459 1552 triumviris
473 1505 532 1551 inter
541 1505 676 1566 proscriptos
687 1519 772 1551 nomen
783 1519 845 1551 suum

180 1567 318 1627 propositum
334 1567 440 1623 audisset,
458 1570 565 1616 continuo
579 1577 684 1630 praetmae
699 1569 800 1631 insignia
814 1569 845 1615 in·
905 1571 906 1603 l

180 1631 245 1684 ussit,
263 1632 482 1695 praecedentibusque
497 1635 520 1679 in
531 1634 622 1680 modum
633 1633 737 1680 lictorum
748 1642 773 1680 et
784 1647 846 1696 appa-

180 1694 274 1742 ritorum
288 1697 426 1758 publicorum
440 1699 511 1746 servis
526 1698 656 1750 subornatis,
669 1697 772 1746 vehicula
787 1713 845 1746 corn·
904 1713 905 1737 r

180 1760 303 1821 prehendit,
320 1763 416 1824 hospitia
432 1763 555 1825 occupavit,
573 1763 650 1810 obvios
666 1763 795 1821 submovit;
814 1777 844 1815 ac,

181 1831 228 1870 tom
239 1825 316 1873 audaci
331 1827 473 1890 usurpatione
486 1828 579 1890 imperii,
591 1828 614 1872 in
626 1824 724 1873 maximi
734 1827 787 1876 luce
796 1827 848 1875 den-
899 1817 904 1892 l

182 1889 280 1938 sissimas
296 1891 412 1938 hostilibus
428 1893 498 1939 oculis
514 1894 616 1938 tenebras
632 1890 718 1938 offudit
743 1889 809 1940 Idem
824 1899 847 1938 ut

183 1953 291 2002 Puteolos
313 1957 381 2009 venit,
405 1957 495 2018 perinde
519 1972 545 2005 ac
569 1956 680 2018 publicum
701 1955 846 2004 ministerium
902 1929 903 2003 l

182 2024 260 2080 agens,
272 2018 360 2066 summi
370 2036 422 2067 cum
432 2018 522 2067 licentiis
532 2021 639 2081 correptis
648 2019 748 2074 navilsrs,
761 2019 785 2066 in
795 2021 847 2068 Sici·
901 2045 902 2050 =

178 2083 242 2138 bam,
255 2085 402 2131 certissimum
413 2091 467 2131 tunc
477 2085 651 2147 proscriptorum
661 2082 800 2146 profugium,
811 2099 848 2147 pe·
893 2143 901 2178 l

183 2149 287 2196 netrevit.

216 2211 281 2275 (10.)
300 2211 346 2260 His
361 2229 406 2260 uno
421 2214 507 2276 adjecto
520 2213 610 2261 levioris
625 2219 685 2260 notae
699 2213 811 2274 exemplo,
822 2214 847 2261 sd
898 2183 901 2272 l

183 2286 276 2324 externa
292 2286 415 2324 convertar.
443 2278 617 2324 Amantissimus
633 2277 721 2338 quidam
736 2276 783 2331 filii,
800 2293 846 2326 cum

183 2355 243 2392 eum,
255 2341 390 2388 inconcessis
405 2358 430 2389 ac
444 2343 573 2404 periculosis
587 2341 671 2388 facibus
686 2355 811 2396 accensum,
822 2343 846 2388 ab

183 2401 262 2448 insani
276 2405 395 2464 cupiditate
407 2407 505 2453 inhibere
518 2407 592 2460 vellet,
609 2406 688 2452 salubri
703 2406 797 2452 consilio
811 2421 845 2468 pa

184 2464 249 2510 triam
261 2467 421 2528 indulgentiam
433 2473 571 2532 temperavit.
597 2469 665 2521 Periit
679 2469 739 2515 enim
755 2477 780 2516 ut
790 2471 845 2532 prius

178 2542 250 2599 quam
265 2529 293 2574 ad
308 2547 365 2586 eam,
376 2549 445 2592 quam
462 2535 573 2598 diligebat,
590 2535 639 2588 iret,
653 2533 741 2595 vulgari
757 2548 783 2581 ac
800 2551 844 2596 per-
897 2549 898 2566 ³

181 2589 252 2636 ,missi
271 2591 361 2660 Venere
382 2605 490 2646 uteretur.
520 2597 592 2662 Cujus
610 2598 711 2662 precibus
733 2598 844 2648 obsecutis
