1842 2992
156 165 189 210 22
264 161 342 212 VAL
351 159 501 212 MAXIMI'
511 159 599 210 Lnl.
615 161 715 214 ΕΔΗ.

156 290 238 346 oeno,
244 290 351 340 fluorum
357 291 503 355 providentii,
510 291 573 354 quod
581 299 717 354 mquerettn,
727 291 828 339 oblutuffl

156 363 225 410 mtus,
248 357 346 418 alioquin
366 357 434 403 etism
455 357 671 420 interpretandarum
691 357 829 419 religionum
908 401 909 404 ,

56 448 59 452 -
156 421 310 482 peritissimus,
323 421 492 476 smultitudine,
505 437 557 483 quae
565 423 593 470 ad
601 437 666 484 opem
674 421 828 469 illiferendsm

157 483 303 540 confluxerat,
316 485 449 548 inpetravit,
466 488 603 534 utcdmure
612 487 782 548 perducereturr
802 501 829 532 ao

156 551 259 612 protinus
280 550 405 598 naviculam
420 552 571 609 conscendiu
594 549 665 612 eique
682 552 707 598 in
725 551 827 598 Africum
908 595 909 608 ,

157 621 282 676 pervectus,
290 616 437 662 *armadullae
447 617 547 664 victricis
557 615 643 678 effingit.

191 677 237 741 (6.)
259 677 380 742 Pompeius
398 697 453 727 vero
472 680 575 744 Magnus
591 682 616 727 in
633 681 681 728 acie
699 678 828 728 Pharsalici

157 741 231 790 victus
246 742 368 800 aCaesere,
383 743 439 808 fugi
452 761 556 806 quaerens
567 747 667 800 salutem,
680 761 746 792 cursu
757 746 781 791 in
792 746 828 790 in-

158 808 229 854 sulam
242 807 351 870 Cyprum,
369 817 395 857 ut
408 811 490 870 aliquid
503 811 527 856 in
541 809 567 858 ed
581 811 662 857 virium
678 811 826 864 contraheret,
908 867 909 870 Ἰ

158 872 252 920 ὼεκω
269 873 361 922 direxit:
383 875 539 938 appellensque
553 875 582 921 ad
594 876 699 937 oppidum
714 874 826 936 Paphum,
908 877 909 932 ζ

158 937 275 1000 conspexit
290 939 393 986 inlitora
409 940 532 1002 speciosum
544 939 676 998 edificium
693 941 829 1002 gubernato·
908 933 909 956 ¹

159 1017 251 1063 remque
265 1003 419 1067 interrogavit,
437 1003 497 1065 quod
511 1005 532 1050 ei
546 1019 629 1050 nornen
645 1011 718 1052 esset:
739 1004 778 1064 qui
793 1019 828 1050 re·
908 997 909 1062 i

159 1067 249 1128 spondit
268 1069 424 1118 nonodecimo
442 1070 533 1116 vocari:
558 1085 610 1129 quae
626 1085 673 1117 vox
689 1083 751 1132 opem
769 1069 825 1131 ejus,
908 1089 909 1116 ;

93 1151 95 1158 ·
159 1133 361 1194 quantulacumque
372 1137 474 1188 restabat,
487 1134 626 1181 comminuit.
649 1133 732 1195 Neque
745 1133 768 1178 id
782 1133 828 1180 dis·

159 1196 290 1244 simulanter
305 1199 369 1244 tulit:
392 1200 473 1246 avertit
489 1200 549 1245 enim
563 1198 641 1244 oculos
655 1199 683 1244 ab
697 1197 740 1244 iilis
754 1198 827 1252 tectis,

159 1276 186 1308 ao
197 1262 304 1316 dolorem,
321 1277 388 1323 quem
400 1277 429 1310 ex
440 1264 488 1311 diro
500 1263 575 1310 omine
586 1269 724 1325 conceperat,
741 1262 828 1325 gemitu

159 1325 271 1387 patefecit.

186 1387 242 1452 2(7.)
261 1389 297 1436 M.
313 1390 380 1438 etiam
397 1391 464 1439 Bruti
482 1393 571 1455 dignus,
589 1393 686 1440 admisso
703 1391 827 1455 parricidio,

160 1460 255 1500 eventu
272 1455 347 1502 omine
361 1456 492 1518 designatus
506 1465 554 1505 est:
577 1459 693 1519 siquidem,
708 1464 761 1520 post
774 1457 829 1503 illud

100 1564 104 1576 ,
161 1517 269 1564 rederium
277 1535 340 1580 opus,
350 1521 445 1568 natalem
455 1537 520 1568 suum
528 1524 648 1577 celebrans,
658 1537 710 1570 cum
720 1522 828 1569 Graecum

159 1597 251 1628 versum
266 1597 397 1644 expromere
414 1587 487 1642 vellet,
506 1587 535 1634 ad
550 1587 606 1634 illud
619 1587 761 1650 potissimum
776 1583 829 1634 Ho-

161 1647 269 1694 mericum
280 1647 420 1696 referendum
431 1652 506 1699 animo
517 1652 624 1700 tetendit:

212 1741 278 1780 Anna
288 1753 317 1795 με
327 1736 382 1800 norp’
393 1743 445 1790 ολοη
458 1756 493 1784 και
505 1745 589 1792 Aaron:
599 1755 686 1785 ruram
696 1740 776 1792 vioc-

160 1840 198 1902 qui
209 1839 275 1888 Deus
284 1839 421 1905 Philippensi
429 1845 484 1899 acie,
496 1861 512 1892 o
519 1842 611 1892 (lesere
619 1851 643 1892 et
650 1842 753 1892 Antonio
762 1843 829 1908 tigno

159 1905 232 1960 datus,
244 1907 268 1952 in
278 1921 330 1954 eum
341 1908 386 1955 tela
395 1910 514 1956 convertit.

193 1969 242 2036 (8.)
256 1970 414 2020 Consentaneo
425 1974 488 2020 vocis
493 1975 558 2036 jactu
567 1971 595 2022 C.
606 1972 679 2022 Cassii
687 1988 763 2021 aurem
770 1972 830 2022 For-

160 2043 215 2084 tuna
230 2037 348 2098 pervellit3
371 2051 446 2098 quem,
464 2038 577 2084 orantibus
592 2038 695 2093 Rhodiis,
713 2053 742 2086 ne
758 2039 785 2086 sb
801 2055 830 2087 co

155 2102 245 2148 cunctis
253 2101 357 2152 ,Deorum
367 2103 490 2150 simulacris
501 2103 654 2164 spoliarentur,
669 2111 685 2134 ‘⁶
694 2103 771 2150 solem
781 2119 795 2150 o
806 2119 831 2152 se
908 2097 909 2102 ¹

160 2165 270 2227 relinqui”
288 2167 422 2229 respondere
436 2167 523 2225 voluit;
545 2175 571 2214 ut
587 2167 722 2230 rapacissimi
737 2168 832 2216 victoris

160 2231 301 2278 insolentium
323 2231 376 2278 dicti
397 2239 486 2280 tumore
506 2234 652 2294 protraheret,
675 2233 832 2294 abjectumque

161 2294 311 2342 Macedonici
321 2295 404 2358 pugni,
417 2312 463 2344 non
471 2297 569 2360 effigiem
579 2298 644 2350 Solis,
655 2313 721 2358 quam
730 2305 832 2345 tontum·

161 2358 229 2404 modo
240 2359 374 2419 supplicibus
385 2369 488 2418 cesserat,
504 2361 545 2408 sed
558 2363 631 2425 ipsum
645 2362 729 2416 Solem,
742 2378 767 2410 re
776 2361 832 2411 oet

161 2422 286 2482 relinquere
296 2433 394 2484 cogeret.
657 2467 661 2475 .

194 2484 243 2550 (9.)
256 2485 375 2534 Annototu
386 2489 479 2552 dignum
486 2489 541 2538 iilud
549 2505 638 2554 quoqne
648 2505 722 2546 omen,
734 2492 776 2539 sub
783 2505 832 2552 quo

162 2549 257 2598 Petilius
273 2553 358 2607 consul,
378 2554 402 2600 in
418 2553 514 2618 Ligurio
528 2557 610 2604 bellum
629 2572 718 2620 gerens,
738 2556 830 2604 occidit.

162 2614 232 2670 Nam,
250 2631 302 2663 cum
318 2625 425 2674 montem,
443 2621 479 2667 cui
495 2619 556 2669 Leto
571 2636 700 2683 cognomen
716 2627 772 2675 oret,
789 2637 832 2683 op-

161 2687 287 2744 pugnarem
306 2680 408 2747 interque
420 2685 597 2736 adhortehonem
611 2686 707 2736 militnm
722 2686 831 2736 onusta
