1842 2992
180 176 256 240 una
269 177 406 226 nsxrnr
423 177 476 228 ns.
490 175 525 228 11.
544 177 605 229 cn.
619 182 642 227 a.
712 179 744 226 ss

77 305 157 367 quibus
173 315 303 369 acceperunt
317 308 398 362 verbis,
415 316 564 371 peregemnt:
589 309 617 356 de
632 308 674 361 lris,
693 321 744 368 quse

77 371 137 432 passi
152 379 223 424 erant,
240 373 312 432 questi
324 387 369 418 non
381 383 447 430 sunt;
465 389 494 420 ne
504 373 557 434 quid
567 374 631 426 ultra,
644 387 670 420 ac
680 385 745 418 man-

77 433 155 482 datum
170 443 237 489 esset,
252 437 408 497 loquerentur:
428 439 550 499 insitusque
563 439 689 500 pectoribus
704 453 744 484 eo·

77 515 129 546 rum
145 501 230 560 antiqui
246 503 314 547 moris
332 509 446 563 respectus
462 503 545 555 dolore,
565 504 602 563 qui
618 517 647 548 ex
663 509 744 548 contu-

77 561 144 610 melia
150 565 295 626 gravissimus
302 567 403 620 sentitur,
413 568 508 614 convelli
516 583 562 613 non
568 568 647 630 potuit
663 565 744 612 Finem

77 628 180 689 prolecto
195 628 337 676 fruendarum
354 646 428 692 opum,
446 633 526 692 quibus
542 631 569 678 ad
585 632 690 678 invidiam
707 630 745 677 diu

77 692 237 747 abundaveras,
249 693 371 742 Tarentina
382 695 466 750 civitas,
482 693 595 757 quaesisti:
615 711 674 748 narn,
691 695 745 740 dum

77 757 175 804 horridae
187 759 275 804 virtutis
285 759 308 804 in
320 759 415 820 seipsum
427 775 552 808 connexum
564 761 743 810 stabilimentum,

77 821 151 868 nitore
157 821 255 868 fortune
264 824 379 884 praesentis
389 823 473 879 inflata,
482 825 595 872 fastidiose
606 825 709 877 aestimas,
722 823 746 869 in

78 887 224 950 praevalidum
234 887 321 950 imperii
331 889 402 935 nostri
416 904 546 936 mucronem
561 905 621 936 caeca
635 897 657 936 et
667 903 746 936 arnens

78 951 170 997 irruisti.

111 1013 162 1078 (6.)
180 1015 225 1063 Sed
235 1023 262 1062 ut
270 1031 285 1062 a
293 1016 348 1063 luxu
359 1017 450 1079 perditis
460 1019 559 1064 moribus
570 1017 598 1063 ud
609 1015 748 1064 severissima

78 1083 190 1142 majorum
209 1079 311 1128 instituta
328 1082 484 1143 transgrediar,
505 1090 571 1128 antea
586 1089 676 1126 senatus
692 1079 748 1126 assi-

79 1143 147 1204 duam
157 1145 275 1194 nationem
283 1161 310 1192 eo
318 1146 362 1192 loci
370 1147 496 1208 peragebat,
509 1145 547 1205 qui
559 1145 666 1205 hodieque
678 1143 749 1190 Sena-

78 1209 156 1256 culum
166 1210 300 1271 appellatur:
320 1225 361 1257 nec
372 1211 520 1271 exspectabat,
537 1217 562 1256 ut
576 1209 648 1255 'edicte
659 1215 748 1254 contra-

78 1275 177 1326 beretur,
190 1274 230 1320 sed
239 1274 291 1321 inde
301 1275 381 1322 citatus
391 1275 493 1336 protinus
503 1275 527 1320 in
538 1275 621 1321 curiam
632 1273 747 1328 veniebat;

79 1339 193 1400 ambiguae
207 1338 277 1385 laudis
292 1340 364 1386 civem
379 1340 515 1393 existimans,
533 1340 570 1400 qui
585 1339 663 1386 debitis
674 1339 748 1399 reipu-

77 1403 144 1449 blicae
156 1403 234 1449 officiis
245 1418 291 1450 non
302 1402 342 1451 sud
353 1411 439 1466 sponte,
455 1405 494 1451 sed
503 1405 589 1467 jussus,
601 1403 747 1466 fungeretur3

79 1467 133 1528 quia
143 1467 248 1528 quidquid
258 1469 350 1530 imperio
361 1470 457 1532 cogitur,
471 1469 570 1532 exigenti
585 1469 663 1534 magis,
680 1481 747 1530 quam

79 1531 204 1594 praestanti,
217 1540 332 1594 acceptum
344 1533 445 1581 refertur.
712 1539 715 1546 ’

114 1595 165 1660 (7.)
181 1593 240 1642 Illud
250 1613 337 1658 quoque
350 1596 457 1646 memoriis
470 1598 614 1661 repetendum
630 1605 671 1651 est,
688 1595 748 1658 quod

79 1660 176 1714 tribunis
185 1661 256 1722 plebis
265 1662 347 1708 intrare
358 1663 441 1709 curiam
453 1679 497 1710 non
505 1665 595 1710 licebat:
612 1661 748 1708 antemium

79 1733 158 1774 sutem
173 1727 251 1787 positis
266 1727 382 1780 subselliis,
398 1728 486 1774 decreta
499 1737 587 1788 patrum
601 1721 749 1773 attentissimi

79 1789 137 1838 curi
152 1791 323 1848 exarninabant;
343 1799 374 1846 ut,
393 1793 411 1838 si
427 1807 470 1852 qua
486 1807 515 1838 ex
531 1793 563 1838 eis
578 1789 746 1852 improbissent,

80 1863 131 1902 rata
141 1869 191 1902 esse
202 1870 248 1901 non
259 1857 363 1902 sinerent.
381 1855 461 1917 Itaque
471 1856 582 1902 veteribus
593 1854 749 1901 senatis-con-

80 1919 149 1968 sultis
159 1917 183 1964 T
193 1919 257 1966 litera
272 1921 377 1967 subscribi
394 1922 491 1967 solebat:
510 1917 580 1979 eique
594 1918 648 1964 notri
664 1915 750 1978 signill-

80 1985 181 2036 cabatur,
193 1984 231 2030 illa
239 1985 339 2031 tribunos
347 2001 436 2045 quoque
444 1983 563 2030 censuisse.
584 1980 638 2034 Qui,
648 1980 750 2041 quamvis

79 2064 124 2111 pro
135 2047 259 2094 commodis
270 2049 338 2110 plebia
348 2051 493 2102 excubabant,
505 2048 573 2107 inque
583 2045 680 2106 imperiis
688 2059 752 2090 corn-

80 2111 201 2175 pesoendis
215 2113 316 2173 occupati
331 2121 401 2168 erunt,
417 2113 497 2160 instrui
513 2121 588 2162 tamen
602 2125 629 2156 eu
639 2109 752 2171 argenteis

80 2177 151 2231 vasis,
164 2183 187 2222 et
198 2177 286 2223 annulis
297 2177 369 2223 aureis
384 2179 470 2239 publice
484 2176 589 2239 praebitis,
605 2174 751 2237 patiebantur,

80 2257 128 2304 quo
139 2241 220 2288 talium
231 2257 305 2288 rerum
316 2257 358 2288 usu
372 2243 492 2290 auctoritas
506 2241 677 2304 magistratuum
692 2243 752 2286 esset

80 2307 192 2354 ornatior.

115 2369 166 2434 (8.)
180 2369 284 2424 Quorum
296 2369 482 2432 quemadmodum
493 2371 596 2432 majestas
606 2367 754 2431 amplificaba-

80 2443 126 2489 tur,
144 2436 178 2482 ita
191 2436 324 2482 abstinentia
337 2435 461 2482 arctissime
474 2435 673 2495 constringebatur.
704 2430 753 2477 Im-
847 2459 850 2466 ·

81 2501 219 2547 muletarum
230 2501 289 2546 enirn
300 2501 328 2546 sb
338 2501 373 2546 bis
383 2500 506 2546 hostiarum
517 2507 576 2552 exta,
592 2499 620 2544 ad
630 2504 754 2558 quaestores

81 2565 156 2614 erarii
167 2564 249 2618 delata,
261 2564 392 2622 veniebant;
405 2563 561 2624 sacrificiisque
570 2563 646 2625 populi
654 2557 754 2608 Romani

82 2635 132 2676 turn
143 2628 250 2676 Deorum
265 2629 424 2676 immortalium
440 2628 521 2682 cultus,
535 2637 584 2674 tum
600 2627 667 2672 etiam
681 2621 755 2670 homi·

81 2707 138 2746 uum
149 2693 290 2746 manuus
300 2693 371 2743 inerat
377 2711 386 2751 ;
402 2693 571 2764 imperatoribus
582 2691 671 2745 nostris,
687 2697 755 2748 quam

514 2769 531 2808 Q
