1870 2990
180 163 229 208 aso
270 128 758 210 vsnnsx1urnnn11sscme

179 289 243 351 ginta
257 295 325 350 atque
339 289 428 338 duomti
443 291 472 338 ad
483 291 660 353 supplementum
671 287 782 350 equitntds
792 289 848 335 snnt

179 355 241 400 emti.
260 353 353 408 Quanta
363 355 470 403 violentie
477 361 512 402 est
519 355 584 403 easds
594 348 677 402 acerbi!
696 353 757 407 Qua
766 353 846 400 eisitan

179 418 208 465 ad
222 419 245 464 id
259 425 348 480 tempus
362 420 468 482 ingenuae
481 433 572 482 quoqne
580 419 673 482 originis
683 419 755 480 capite
765 431 846 464 censos

179 553 251 594 tracta
265 561 366 610 corpora,
378 555 402 596 et
416 563 430 596 a
442 549 588 612 pastoralibus
603 549 660 596 casis
671 547 767 594 collecta
778 561 847 594 maa·

179 611 243 672 cipis,
259 612 322 658 velut
337 613 475 676 praecipnum
491 613 663 666 finnameatum
680 612 787 660 aereittu
804 626 847 657 suo

911 209 912 236 l

905 244 912 330 i

81 505 83 510 ·
179 483 492 539 hsberemilitestasn'dierst
506 485 583 532 eedem
599 484 660 531 celtis
674 483 790 529 seratum
805 496 846 528 ex-
911 469 912 526 i

178 675 266 738 adjecit.
286 675 354 726 Cedit
365 695 420 741 ergo
431 679 542 726 interdum
553 690 675 741 generosus
686 676 776 738 spiritus
785 676 847 722 utili-
911 705 912 734 ἕ

178 741 226 794 tati,
243 749 266 788 et
279 739 378 793 fortunae
392 745 476 794 viribus
489 744 626 791 succumbit:
646 742 689 795 ubi,
705 741 749 786 nisi
763 741 846 787 tutiora
911 757 912 822 q

178 799 374 870 condelegatis,
393 810 492 871 speciosa
507 807 608 869 sequenti
623 805 785 852 concidendum
802 811 845 852 est·

180 868 308 918 Cannensis
325 879 399 919 autem
414 874 488 920 clades
501 873 557 921 adeo
572 873 648 919 urb'em
663 877 763 918 nostram
777 871 848 916 vehe-

110 989 112 994 Ι
179 943 268 982 menter
282 935 390 993 content,
404 945 436 992 ut,
453 937 490 984 M.
502 936 567 986 Junii
580 934 654 999 operi,
666 931 777 982 dictaturd
787 949 847 980 rem-

178 999 290 1061 publicam
307 1001 488 1057 administrantis,
506 1001 576 1068 spolia
592 1001 690 1048 hostium
705 999 773 1046 affin
787 1003 846 1046 tuni
911 1009 912 1016 ³

177 1064 228 1124 plis,
241 1064 345 1113 Deorum
356 1067 443 1114 nursini
452 1074 588 1120 consecrata,
599 1067 749 1113 instrumento
760 1052 846 1110 militia

176 1127 260 1184 sutura,
273 1131 457 1187 convellerentur,
471 1147 498 1178 ae
513 1131 640 1194 proetextati
655 1129 718 1191 pueri
733 1143 797 1175 arma
811 1129 847 1174 in·

178 1193 273 1242 duerent
279 1213 288 1254 ;
304 1195 441 1244 addictorum
452 1197 526 1250 etiam,
538 1203 562 1243 et
573 1194 661 1258 oapitali
675 1191 770 1240 erimine
783 1193 846 1240 darn·

177 1265 289 1315 natorum
306 1275 347 1308 sex
360 1259 430 1308 millia
443 1261 641 1308 conscriberentur.
666 1257 728 1312 Quae
740 1257 760 1303 si
771 1273 811 1319 per
821 1273 847 1304 se

175 1323 333 1385 adspiciarrtur,
348 1326 432 1387 aliquid
447 1325 534 1372 ruboris
546 1325 653 1371 habeant:
671 1323 691 1370 si
707 1328 790 1377 antam
806 1322 844 1369 ad-

177 1389 247 1434 motis
257 1390 395 1438 necessitatis
405 1389 496 1444 nribus,
508 1389 666 1452 ponderentur,
679 1386 776 1434 savina
788 1393 845 1434 tan-

176 1454 239 1512 poris
249 1453 406 1502 convenientia
416 1455 518 1517 praesidia
529 1454 651 1501 videantur.
674 1450 772 1513 Propter
784 1466 844 1498 esm-

177 1515 228 1561 dem
244 1515 330 1564 cladem
347 1521 442 1565 senatus'
454 1515 558 1573 Otacilio,
575 1518 613 1578 qui
629 1515 733 1570 Siciliam.
746 1522 771 1562 et
786 1514 844 1564 Cor·

176 1580 236 1626 nelio
251 1580 393 1636 Manuale,
407 1583 446 1644 qui
458 1583 581 1630 Sardiniam
591 1597 632 1644 pro
642 1581 777 1643 praetoribus
788 1581 844 1627 obti'·

175 1645 266 1698 nebant,
285 1647 430 1706 querentibus
448 1648 509 1708 quod
527 1661 600 1708 neque
618 1644 751 1708 stipendium
772 1657 844 1706 usqne

174 1707 313 1757 frumentum
327 1710 435 1772 ¹elassibus
448 1727 527 1759 eomm
541 1719 566 1758 et
575 1711 708 1758 exercitibus
718 1709 775 1756 socii
785 1723 844 1772 prae-

174 1773 269 1833 berent3
288 1775 448 1824 affirmantibus
462 1777 537 1830 etiarn,
554 1790 583 1822 ne
597 1776 677 1822 habere
689 1774 781 1834 quidem
796 1787 841 1827 eos,

175 1839 237 1915 unde
245 1839 268 1886 id
283 1848 389 1903 praestare
403 1847 503 1904 possent.
520 1839 638 1903 rescripsit,
654 1838 843 1885 “aeraiium'lon-
911 1871 912 1880 ,

174 1905 266 1966 ganquis
280 1907 385 1968 expensis
399 1919 445 1952 non
461 1905 575 1952 sufficere:
597 1903 696 1966 proinde,
714 1917 760 1962 qun
776 1910 844 1964 paeto

175 1976 246 2016 tantae
264 1970 347 2033 inopiae
367 1969 541 2018 succurrendum
563 1976 629 2023 esset,
652 1968 694 2029 ipsi
712 1965 841 2014 viderent.”

174 2031 222 2080 ldis
232 2035 365 2096 literisquid
376 2035 435 2082 aliud
445 2049 512 2096 quarn
526 2034 612 2096 inperii
624 2032 657 2079 sui
668 2032 843 2093 gubernaenlse

174 2099 276 2146 manibus
286 2099 381 2162 abjecit?
399 2099 541 2159 Siciliamque
551 2106 575 2146 et
585 2096 715 2150 Sardiniam,
726 2096 843 2158 benignis-

173 2161 242 2210 simas
257 2163 317 2210 urbis
331 2169 415 2210 nostrae
432 2164 537 2216 nutrices,
556 2163 639 2224 gradus
654 2167 677 2207 et
693 2160 843 2210 smilimenn

173 2227 290 2282 bellorum,
302 2235 348 2274 tam
359 2229 430 2274 multo
441 2228 522 2274 sudore
530 2234 554 2274 et
565 2226 673 2288 sanguine
683 2225 706 2271 in
713 2225 753 2285 jus
763 2239 792 2272 ae
801 2241 832 2287 po

173 2295 278 2340 testatem
292 2293 399 2346 redactas,
412 2293 488 2355 paneis
499 2292 579 2346 verbis,
591 2298 620 2338 te·
629 2289 719 2343 seilicet,
735 2287 843 2337 Necessi-

174 2356 227 2407 tate,
235 2357 336 2416 jubente,
348 2357 439 2403 dimisit.

205 2416 255 2479 (2.)
264 2418 351 2466 Eadem
356 2415 502 2476 Casilinates,
512 2419 626 2466 obsidione
634 2416 769 2465 Hannibalis
780 2418 840 2465 elau·
911 2383 912 2404 l

172 2493 217 2530 son,
236 2481 436 2544 alimentorumque
449 2485 556 2532 ¹faeultate
573 2483 686 2536 defectos,v
696 2483 745 2529 lora
759 2493 839 2532 neces-

171 2541 235 2586 sariis
254 2544 394 2592 vinculorum
411 2549 487 2596 usibus
505 2549 619 2601 subducta,
639 2561 695 2606 eque
713 2545 786 2592 sentis
801 2545 839 2592 de-

170 2609 252 2650 tractas
266 2607 342 2664 pelles,
360 2610 455 2658 fertenti
471 2613 581 2660 resolutas
596 2609 659 2672 aqud,
675 2611 780 2657 mandere
798 2625 838 2656 va·

168 2665 236 2716 insa.
257 2667 318 2730 qna
328 2671 378 2726 insa
392 2676 563 2726 secernerem
574 2679 639 2730 cass
650 2675 756 2729 intueare
769 2673 837 2725 mise

906 2627 912 2704 i
