1820 2982
164 185 242 236 VAL.
255 185 393 236 Maximi
408 187 461 236 Ina
474 184 518 236 lv.
538 186 598 237 Car.
612 191 635 236 4.
685 191 732 235 tte

58 315 154 378 quidem
170 316 294 378 impensam
312 317 436 365 sufficiente
453 317 561 366 dmessitr
580 318 675 380 ideoque
689 331 731 379 pu-

58 379 119 428 blici
129 380 225 443 pecunid
235 382 309 430 damae
324 390 384 429 sunt.
406 383 462 430 Non
477 385 556 430 attinet
570 384 676 430 ulteriore
687 382 732 428 dia-

58 447 257 510 putatione-tanti
275 447 317 494 viri
337 455 488 509 paupertatem
511 449 619 494 scmtari:
644 447 731 494 abunde
788 471 790 476 v

57 509 122 557 enim
133 516 203 572 patet,
219 511 272 571 quid
287 512 353 558 vivus
365 512 494 574 possederit,
512 513 547 559 cui
558 519 648 559 mortuo
658 513 731 559 lectus

57 574 164 621 funebris
174 582 197 622 et
208 591 277 637 rogus
287 576 363 622 defuit.

92 637 145 702 (2.)
164 639 263 693 Quantae
281 641 431 702 amplitudinis
451 639 575 704 Agrippam
594 641 729 688 Menenium

54 702 130 750 fuisse
141 705 278 758 arbitremur,
294 721 360 766 quem
373 712 462 752 senatus
477 712 502 752 et
517 707 579 768 plebs
595 706 656 767 pacis
671 705 730 751 inter

57 784 85 814 se
95 767 205 816 iaciendae
215 777 328 816 auctorem
339 770 412 832 legit?
430 770 529 824 Quantae
540 770 623 817 scilicet
634 785 684 816 esse
691 769 730 816 de-

55 833 109 878 buit
119 833 200 879 arbiter
210 835 304 895 publicae
315 835 398 880 salutis.
416 833 470 889 Hic,
482 835 546 881 nisis
556 834 645 898 populo.
664 835 732 880 colla-

56 897 89 943 tis
101 897 125 942 in
137 898 209 958 capita
220 900 363 952 sextantibus,
373 899 489 946 funeratus
503 907 569 952 esset,
585 900 616 945 ita
630 899 731 962 pecuniae

55 963 125 1024 inops
133 962 236 1016 decessit,
249 970 273 1009 ut
284 965 404 1025 sepulturae
414 966 500 1010 bonore
510 963 624 1010 caruisset.
641 962 729 1008 Verum

56 1027 148 1072 idcirco'
155 1025 278 1088 perniciosi
292 1029 402 1075 seditione
420 1029 510 1074 dividua
526 1028 610 1080 civitat,
629 1027 731 1086 manibus

58 1092 174 1152 Agrippae
184 1092 207 1137 in
218 1107 287 1138 unum
299 1094 399 1140 contrabi
415 1091 493 1145 volarit,
511 1092 563 1152 quia
574 1105 612 1136 eas
622 1103 730 1151 pauperes

57 1156 159 1216 quidem,
181 1156 220 1202 sed
235 1164 332 1214 sanctae
348 1156 539 1202 animadverterat
566 1153 638 1216 Cujus
653 1161 678 1200 ut
692 1169 731 1200 an.

57 1220 162 1282 perstitin
172 1221 258 1266 nullum
268 1221 318 1275 suit,
336 1221 397 1280 quod
406 1221 430 1266 in
442 1235 533 1266 censum
544 1217 680 1276 deferretur3
698 1219 729 1266 ita

55 1284 167 1331 exstincti
178 1285 287 1346 hodieque
297 1285 457 1350 amplissimum
465 1291 500 1332 est
510 1283 667 1347 patrimonium
679 1282 729 1330 Ro·

57 1364 127 1396 mana
137 1349 263 1396 concordia.
701 1357 702 1364 ’

92 1411 144 1477 (5.)
162 1411 191 1460 In
212 1412 240 1462 C.
264 1429 319 1462 vero
337 1413 440 1468 Fabricii,
460 1419 484 1460 et
503 1411 535 1467 Q„
553 1411 641 1460 AEmilii
663 1411 727 1474 Papi,

57 1478 187 1540 principum
199 1479 275 1524 saecull
286 1479 327 1532 aui,
339 1479 440 1524 domibus
451 1485 568 1540 argentum
579 1477 648 1524 fuisse
658 1477 729 1524 cont·

57 1551 107 1590 tear
118 1549 222 1604 oportett
241 1549 334 1604 uterque
350 1544 409 1589 enirn
420 1545 522 1605 patellam
534 1542 645 1596 Deorum,
658 1549 681 1589 et
692 1557 728 1588 aa·

55 1607 131 1654 linum
149 1607 232 1653 babuit.
261 1608 305 1654 Sed
320 1623 347 1654 eo
364 1607 444 1656 lautior
455 1607 576 1662 Fabricius,
588 1607 648 1669 quod
658 1607 729 1668 patel-

56 1671 104 1717 lam
123 1685 187 1717 suam
204 1686 286 1718 corneo
302 1673 404 1734 pediculo
424 1673 526 1718 sustineri
543 1671 622 1718 voluit.
653 1671 729 1734 Papus
757 1691 772 1702 ⁶

55 1751 149 1796 quoque
160 1737 213 1782 satis
228 1729 334 1791 adimose,
353 1737 399 1797 qui,
419 1752 470 1782 cum
487 1737 622 1782 haereditatis
636 1737 729 1782 nomine

56 1816 85 1846 ea
102 1797 232 1862 accepisset,
251 1802 364 1864 religionis
380 1798 448 1847 canai
464 1800 605 1847 abadenanda
622 1815 668 1846 non
685 1815 728 1864 pu·
816 1829 818 1836 ι

56 1864 124 1910 tavit.

92 1925 143 1992 (4.)
160 1926 197 1976 Illi
208 1929 274 1975 etiarn
289 1929 424 1992 praedivites,
443 1927 481 1987 qui
496 1928 524 1973 ab
539 1932 612 1972 aratro
628 1941 727 1974 arcesse·

56 1993 141 2040 bantm
152 1994 291 2064 utxccnsules
300 1994 386 2046 fierent,
398 1991 518 2052 voluptatis
529 1988 596 2036 causi
606 1991 681 2037 sterile
694 2003 728 2037 at·

55 2073 102 2118 que
120 2059 304 2103 aestuosissimum
320 2057 424 2118 Pupiniae
435 2056 507 2101 solum
518 2055 654 2100 versabant?
671 2056 726 2101 deli-

58 2121 189 2182 ciarumque
199 2119 272 2184 gratid
281 2122 419 2168 vastissimas
429 2121 505 2181 glebas
516 2119 611 2180 plurimo
622 2133 674 2164 cum
690 2135 727 2165 su-

57 2185 116 2231 dore
126 2185 278 2247 dissipabant?
296 2186 370 2232 Immo
388 2199 450 2238 vero,
469 2199 526 2244 quos
542 2183 639 2244 pericula
656 2183 729 2244 reipu-

58 2251 125 2296 blicae
136 2251 280 2314 imperatores
294 2251 427 2303 asserebant,
447 2248 557 2310 angustiae
568 2249 600 2294 rei
615 2247 730 2294 familiaris

58 2315 126 2376 (quid
138 2329 201 2360 cesae
218 2315 332 2376 proprium
351 2329 433 2362 nomen
449 2313 536 2362 veritati
551 2310 671 2373 redderei)
688 2314 729 2360 bu-

59 2380 139 2425 bulcos
151 2379 198 2425 fieri
210 2381 327 2440 cogebant.

92 2441 143 2508 (5.)
162 2443 256 2490 Atilium
273 2452 355 2496 autem,
374 2444 412 2504 qui
431 2442 459 2488 ad
475 2457 527 2488 eum
542 2442 697 2489 arcessendum
715 2459 729 2490 a

58 2513 140 2554 senatu
150 2507 213 2554 misai
223 2516 287 2554 erant
297 2507 325 2554 ad
335 2507 451 2569 imperium
463 2507 538 2570 populi
548 2506 646 2554 Romam
658 2509 729 2554 susci·

57 2571 173 2634 piendum,
185 2573 269 2620 sentina
280 2580 420 2636 spargentem
431 2573 542 2618 viderunt.
567 2572 612 2619 Sed
623 2571 667 2618 illae
679 2587 728 2618 rna-
785 2601 792 2614 .

57 2638 106 2684 tico
117 2651 185 2700 opera
200 2637 283 2686 attritas
299 2651 380 2685 manus
397 2637 490 2685 salutem
507 2636 616 2700 publicam
633 2637 729 2684 sunie-
