1842 2992
178 177 255 230 vtt.
268 177 404 228 Maxtmt
418 177 507 228 nat
526 177 586 229 cu.
599 178 623 226 ¹1.
698 179 729 224 sl

68 309 136 372 sqilt,
148 308 251 364 utillum,
264 309 327 372 gravi
337 309 416 356 morbo
422 305 560 372 implicitam,
572 311 681 360 mnam
693 319 730 360 ne.
760 375 762 379 Δ

66 380 161 436 propter
174 375 289 436 adversam
304 373 459 428 valetudinem,
475 372 578 436 proximo
589 372 670 434 proelio
684 385 732 416 non

66 438 194 484 interesset.
224 437 293 492 Quod
308 453 360 484 eum
376 436 454 486 Caesar
466 435 571 489 audisset,
583 434 662 483 lentini
673 451 697 482 se
707 435 732 481 in

67 503 139 548 aelam
150 501 230 548 deferri
233 503 316 564 jussit;
328 501 365 548 ubi
376 501 428 547 (lum
440 517 505 564 supra
515 501 573 547 vires
584 502 682 562 carptum
690 515 732 563 pro

67 565 210 628 adipiscendi
227 565 321 613 victoria
338 567 439 620 excubat,
461 573 533 612 eastra
553 565 601 627 ejus
623 581 636 612 a
656 565 732 612 Bruto

67 638 135 692 rapta
149 637 208 678 sunt
237 631 299 684 Quid
314 645 368 692 ergo
383 631 441 677 aliud
454 637 565 692 putamus,
578 645 644 690 quam
655 630 731 676 (livino

67 709 165 748 munere
173 693 283 750 effectum,
294 709 321 742 ne
329 695 461 742 destinatum
468 697 516 757 jam
526 693 685 742 immortalitati
693 709 732 742 ss·

67 766 110 834 put
120 758 235 868 ipdiguam
246 759 331 806 coelesti
341 759 419 822 spiritu
428 759 525 824 sortunae
534 758 664 806 violentiam
678 769 730 806 ten-

101 885 152 951 (2.)
170 887 299 950 Augustum
314 903 376 942 vero,
392 893 474 950 praeter
488 887 611 934 naturalem
627 887 694 934 animi
706 890 730 936 in

69 953 173 998 omnibus
183 953 248 998 rebus
260 953 367 999 subtiliter
377 949 533 1014 perspiciendis
543 953 652 1014 vigorem,
664 953 731 1002 etiam

69 1031 148 1062 reeens
158 1023 181 1062 et
191 1016 337 1062 domesticum
351 1017 485 1077 exemplum,
501 1022 527 1062 ut
542 1016 627 1062 Artorii
643 1020 731 1064 somnio

69 1081 237 1142 obtemperaret,
253 1081 374 1128 adrrronuit.
403 1079 527 1126 Audiverat
538 1080 597 1126 enim
609 1079 665 1126 Divi
675 1081 732 1129 Julii

67 1145 138 1206 patris
149 1145 183 1190 sui
194 1159 286 1192 amorem
297 1143 448 1206 Calpurniam,
460 1150 527 1190 noste
537 1157 604 1203 quam
618 1144 638 1190 is
651 1144 676 1190 in
686 1153 733 1193 ter·

68 1208 210 1255 rismtimam
221 1209 275 1271 egit,
293 1211 316 1255 iu
332 1205 407 1270 quiete
422 1207 505 1254 vidisse
519 1207 596 1254 multis
610 1222 661 1255 eum
677 1225 733 1256 con-

67 1272 154 1330 fectum
167 1274 295 1320 vulneribus
311 1273 335 1320 in
352 1289 393 1320 suo
411 1273 461 1319 sinu
473 1273 593 1334 jacentem,
610 1275 734 1336 somniique

68 1337 186 1384 mactate
198 1339 341 1386 vehementer
357 1337 492 1391 exterritam,
508 1351 588 1399 rogare
602 1351 648 1384 non
663 1340 733 1387 desti-

69 1403 131 1455 tisse,
142 1400 277 1465 utproxima
287 1402 323 1448 die
333 1416 347 1448 a
356 1400 417 1449 curib
427 1417 452 1448 se
462 1403 587 1450 abstineret
614 1404 648 1451 At
658 1405 730 1462 illum,

69 1481 99 1513 ae
115 1467 216 1512 muliebri
233 1467 320 1512 somnio
335 1473 411 1512 motus
425 1466 449 1513 id
463 1466 543 1514 secisse
559 1467 730 1525 existimaretur,

68 1537 178 1584 senatum,
196 1531 220 1576 in
237 1546 282 1592 quo
296 1531 317 1577 ei
329 1531 485 1594 parricidarum
496 1546 575 1578 manus
586 1533 658 1582 sllatae
669 1542 730 1589 runt,

68 1595 129 1642 adire
139 1595 287 1642 contendisse.
309 1594 365 1642 Non
375 1602 410 1641 est
419 1596 477 1642 inter
485 1603 570 1658 patrem
581 1603 604 1644 et
614 1598 684 1645 filium
696 1599 731 1646 ul-

67 1659 112 1706 lius
122 1659 155 1706 rei
165 1659 351 1722 comparationem
358 1659 413 1713 fieri,
422 1661 543 1722 praesertim
554 1661 675 1710 divinitatis
685 1662 731 1710 sas·
797 1685 799 1690 ·

68 1724 126 1786 tiglo
138 1725 253 1787 junctoar'
271 1725 310 1772 ssd
328 1726 376 1788 jam
393 1725 448 1771 alter
465 1725 566 1785 operibus
584 1727 630 1773 auis
647 1728 731 1776 aditum

67 1789 110 1836 sibi
126 1789 157 1836 ad
172 1789 255 1836 eoelum
271 1790 412 1841 instruxerat,
428 1789 490 1834 alteri
503 1789 586 1849 longus
598 1791 671 1838 adbuc
685 1799 732 1838 ter.

67 1853 173 1900 restrium
193 1854 301 1900 virtutum
324 1853 382 1899 orbis
403 1853 504 1898 restabat.
542 1851 684 1917 Quapropter
705 1856 733 1902 ab

66 1918 112 1964 boa
129 1917 284 1964 tautummodo
302 1917 465 1978 impendentem
489 1917 634 1963 mutationem
646 1938 649 1940 ·
661 1920 733 1965 statssa

68 1981 184 2044 eognosei,
201 1981 277 2028 abillo
287 1981 353 2027 etiam
364 1980 445 2026 differri
457 1979 498 2027 Dii
508 1980 644 2027 immortales
654 1983 733 2028 volue-

67 2053 135 2174 rurptg
142 2045 376 2169 ptfillppppppppldecus
382 2045 479 2156 flaretepr,
490 2044 549 2091 allud
557 2045 729 2156 prffittppmur.

130 2139 138 2155 .
318 2123 427 2155 sommum
471 2124 494 2154 m
542 2123 585 2156 ssa
632 2125 731 2164 raronrs,

67 2181 91 2222 et
105 2174 160 2221 clari
170 2173 251 2228 exitus,
270 2174 329 2234 quod
343 2171 420 2220 eidem
436 2124 561 2220 nwpgpm
575 2175 684 2228 consules,
698 2175 729 2222 ,Ρ.

67 2238 157 2288 Darius
175 2245 199 2284 et
216 2237 246 2284 T.
259 2234 361 2284 Manlius
376 2236 511 2298 Torquatus,
531 2237 614 2284 Latino
632 2239 690 2286 bello
709 2247 733 2287 et
777 2297 779 2302 ,

66 2304 132 2366 gravi
142 2308 167 2348 et
175 2302 308 2364 periculoso,
324 2316 370 2348 non
383 2302 461 2364 procul
475 2302 593 2350 aVesuuii
603 2305 686 2351 montis
697 2321 734 2352 ra·

66 2369 152 2415 ditibus
163 2366 333 2428 positiscaatria
342 2367 452 2412 viderunt.
472 2365 568 2428 Utrique
576 2367 635 2414 enim
643 2370 733 2430 quidam
780 2369 790 2418 ἑ

66 2449 107 2496 per
117 2431 200 2493 quietis
211 2433 304 2493 speeiem
315 2430 425 2493 praediut,
438 2445 467 2477 ex
476 2429 545 2478 alterb
555 2433 602 2480 acie
612 2433 735 2496 imperato.

66 2513 122 2550 mu,
134 2509 166 2544 ex
175 2495 246 2542 altera
255 2497 385 2550 exercitum,
398 2502 414 2526 “
424 2494 476 2542 Diis
486 2495 600 2550 Manibus.
617 2496 733 2558 Matrique

65 2561 147 2609 Terrae
166 2561 248 2608 deberi.
277 2560 360 2608 Utriua
375 2561 515 2608 suasura
533 2562 607 2624 copias
625 2563 731 2616 hostium,
791 2573 793 2578 ·

65 2637 382 2752 Ἣῖηέᾙε
388 2625 522 2738 liblffil
531 2629 734 2756 ttttuttt

516 2769 530 2799 ο
