1842 2992
185 163 220 215 ct
292 149 518 210 vluntsxltss
534 147 587 201 Lu·
602 147 637 200 tt
653 147 747 200 ΟΜ.

226 285 277 353 (2.)
291 284 336 342 Jus
349 283 422 338 etrus.
432 279 553 346 permulta
563 278 713 328 secuntus
723 279 861 338 mersuri-

196 353 329 412 moninsque
346 348 450 397 Deorum
466 344 622 392 immortalium
639 343 745 397 abditum,
763 343 861 404 solisque

197 415 338 482 pontificibus
348 419 434 467 notum,
447 409 491 460 Cn·
503 409 601 462 Flavius,
613 409 715 456 libertino
725 415 788 469 putre
795 408 862 469 geni-

125 480 128 484 ’
198 489 242 534 tus.
263 486 286 526 et
305 479 382 533 scriba,
402 492 453 522 cum
469 474 555 538 ingenti
573 473 692 520 nobilitatis
708 471 862 533 indignatione

197 543 271 593 fuctus
288 543 358 590 sedilis
375 541 464 594 curulis,
481 539 589 601 vulgavit,
607 553 633 584 oc
647 537 717 584 festos
731 551 797 598 paene
813 543 862 583 toto

198 609 249 659 foro
266 607 376 670 exposuit.
401 605 455 660 Qui,
473 619 524 650 cum
539 603 567 649 sd
580 601 697 648 visendum
713 615 800 662 aegrum
816 601 863 648 col-

163 687 168 698 ‘
199 674 275 736 legum
287 687 352 720 suum
362 670 456 724 veniret,
472 683 543 728 neque
557 682 571 714 s
585 666 699 718 nobilibus,
711 680 807 726 quorum
818 665 864 712 sre-

200 734 292 799 quentiti
301 736 426 784 cubiculum
437 741 485 780 eret
499 731 641 792 completum.
659 729 748 776 sedendi
761 729 814 775 loco
829 745 864 776 re·

201 801 319 864 ciperetur,
331 801 408 846 sellum
418 799 517 845 curulem
528 795 600 842 afferri
609 795 684 856 jussit,
700 801 723 840 et
737 794 761 839 in
774 793 807 846 eri,
823 795 865 840 bo·

201 867 264 914 noris
313 866 431 924 iteratque
441 860 567 908 contemtds
578 859 612 905 sui
622 859 711 911 vindex,
723 858 831 904 consedit.

236 931 271 990 (8.
295 928 404 976 Veneficii
414 927 516 988 quaestio,
529 932 553 971 et
566 923 664 970 moribus
678 931 701 970 et
714 923 801 984 legibus
816 921 865 970 Ro-

202 994 275 1042 munis
284 993 370 1057 ignom,
381 991 528 1053 complurium
537 995 688 1034 matronarum
698 986 809 1049 patefacto
818 1002 866 1034 soe-

203 1059 257 1114 lere,
269 1067 319 1106 ortu
328 1066 376 1107 est:
395 1071 446 1118 quae
456 1070 507 1102 cum
518 1054 579 1100 viros
592 1067 645 1100 suos
659 1051 800 1098 clandestinis
812 1051 867 1098 insi-

204 1123 246 1172 diis
264 1137 352 1172 veneno
370 1122 510 1184 perimerent,
530 1117 596 1163 unius
614 1116 701 1162 sncillae
718 1115 799 1162 indicio
816 1131 868 1177 pro-

203 1194 289 1242 trectae,
301 1203 352 1250 pers
362 1182 540 1248 capitulijudicio
550 1181 667 1234 damnstae,
679 1188 770 1228 centum
781 1190 869 1242 septus-

205 1253 271 1316 gints
280 1265 398 1298 numerum
408 1249 559 1310 expleverunt.

240 1313 289 1378 (⁴.)
311 1314 438 1362 Tibicinum
457 1325 544 1370 quoque
562 1308 680 1370 collegium
702 1308 759 1355 solet
777 1308 800 1354 in
819 1307 868 1354 soro

206 1378 271 1440 vulgi
282 1378 359 1425 oculos
369 1377 393 1422 in
403 1391 428 1422 se
439 1381 574 1427 convertere,
586 1389 638 1420 cum
648 1374 706 1420 inter
715 1373 814 1435 publicus
824 1373 869 1434 pri·
908 1381 909 1406 t

207 1449 315 1502 vetusque
326 1437 422 1503 [serias]
434 1439 539 1490 actiones,
554 1438 654 1499 personis
668 1444 728 1484 tecto
739 1437 818 1498 capite,
830 1451 869 1483 va·

208 1503 285 1566 ridque
303 1512 366 1551 veste
382 1500 491 1565 [uelutis],
511 1509 632 1548 concentus
648 1502 699 1548 edit
726 1499 784 1548 Inde
799 1509 871 1548 tractu

208 1568 305 1617 licentis
327 1566 447 1621 Quondnm
457 1566 521 1612 vetiti
535 1567 558 1614 iu
574 1565 621 1612 sede
633 1565 705 1618 Jovis,
722 1566 783 1626 quod
795 1566 869 1626 prisco

208 1647 273 1680 more
281 1629 441 1684 bedoversnt,
453 1631 520 1684 vesci,
532 1629 603 1676 Tibur
618 1630 667 1677 irati
684 1645 707 1676 se
721 1630 871 1676 contulerunt.

211 1697 315 1751 Quorum
329 1695 452 1742 ministerio
466 1701 556 1742 senatus
570 1695 657 1742 deserte
670 1709 732 1740 sacra
745 1709 791 1742 non
805 1709 871 1754 aequo

210 1761 285 1809 auimo
294 1760 376 1814 serens,
387 1776 427 1822 per
436 1760 523 1821 legatos
535 1774 549 1806 e
563 1757 692 1804 Tiburtibus
706 1758 777 1820 petiit,
792 1765 819 1804 ut
834 1774 871 1805 eos

210 1823 283 1889 grstit
293 1823 334 1872 sui
343 1823 453 1872 Romanis
463 1823 551 1886 templis
562 1822 708 1868 restituerent.
731 1821 797 1875 Quos
807 1823 840 1870 illi
851 1824 872 1870 in

209 1890 324 1955 proposito
334 1896 508 1952 perseverantes,
523 1885 652 1948 interpositi
665 1886 730 1933 sestae
742 1887 874 1948 epulationis
907 1901 908 1910 ¹

211 1955 358 2010 simulatione,
380 1969 443 2001 mero
463 1966 587 2011 somnoque
607 1951 698 2012 sopitos,
721 1951 827 2012 plnustris
852 1953 874 1998 in

212 2019 299 2069 Urbem
320 2019 461 2066 devehendos
482 2021 632 2062 curaveruntz
659 2016 737 2075 quibus
758 2024 782 2062 et
803 2015 874 2061 honos

210 2085 318 2198 pristinus
331 2083 454 2136 restitutus,
472 2086 496 2128 et
508 2081 600 2142 hujusce
615 2079 677 2126 iustis
688 2080 727 2142 jus
743 2087 779 2126 est
793 2079 876 2126 dutum.
907 2107 908 2124 ι

234 2164 362 2198 crsonnrum
377 2161 431 2194 usus
444 2145 551 2208 pudorem
563 2143 721 2192 circumventae
737 2144 876 2192 temulentie

213 2231 301 2263 causum
312 2213 385 2262 hebet

246 2273 294 2339 d.)
309 2277 364 2325 Fuit
374 2274 440 2322 etium
450 2274 488 2320 ills
501 2271 628 2333 simplicitas
641 2271 782 2332 antiquorum
792 2273 817 2318 in
829 2273 875 2320 cibo
907 2275 908 2320 ι

212 2339 483 2451 ¹cupiendoiqhumenitatis¹
490 2337 556 2412 simui
566 2344 588 2382 et
599 2336 742 2446 considenti?
754 2337 877 2414 certissime

212 2421 236 2452 ιιι
251 2419 287 2452 ex.
339 2419 375 2450 sm
394 2418 497 2450 maxumus
514 2415 568 2448 urus
602 2415 639 2446 run
656 2416 692 2448 ere
708 2415 721 2446 e
747 2415 839 2449 coensre
855 2417 876 2448 ιιι

228 2468 335 2531 ropstulo,
347 2468 487 2514 verecundiae
497 2480 543 2512 non
554 2417 613 2511 ercii:
633 2479 674 2511 neo
689 2479 742 2512 sene
754 2465 811 2512 ullos
823 2481 877 2528 epu-

210 2485 245 2580 l·
262 2531 376 2585 habebunt,
391 2547 446 2592 quus
461 2530 536 2594 populi
553 2530 622 2576 oculis
640 2530 746 2591 subjicere
759 2531 878 2578 erubesce-

212 2603 269 2644 rent.
292 2595 365 2644 Erant
375 2597 430 2643 odeo
440 2594 583 2642 continentius
597 2595 683 2648 attenti,
700 2601 724 2640 ut
739 2593 877 2653 frequentior

211 2661 270 2724 spud
284 2676 323 2709 eos
335 2661 403 2724 pultis
413 2676 473 2715 usus
485 2673 551 2722 quem
562 2658 632 2720 penis,
644 2667 709 2705 esset.
737 2655 839 2720 Ideoque
853 2661 876 2706 'ns
